
   <record>
      <leader>00000nz  a2200000nc 4500</leader>
      <controlfield tag="001">institutions/30000037</controlfield>
      <controlfield tag="003">DE-633</controlfield>
      <controlfield tag="005">20250620051952.0</controlfield>
      <controlfield tag="008">161109||||z|||a|||||||||||||||||n||||||d</controlfield>
      <datafield tag="024" ind1="7" ind2=" ">
         <subfield code="a">D-AG</subfield>
         <subfield code="q">siglum</subfield>
         <subfield code="2">rism</subfield>
      </datafield>
      <datafield tag="040" ind1=" " ind2=" ">
         <subfield code="a">DE-633</subfield>
         <subfield code="c">DE-633</subfield>
         <subfield code="e">rismg</subfield>
      </datafield>
      <datafield tag="043" ind1=" " ind2=" ">
         <subfield code="c">XA-DE</subfield>
      </datafield>
      <datafield tag="110" ind1="1" ind2=" ">
         <subfield code="a">Evangelisch-Lutherische Kirchgemeinde St. Petri, Musiksammlung</subfield>
         <subfield code="c">Augustusburg</subfield>
         <subfield code="g">D-AG</subfield>
      </datafield>
      <datafield tag="368" ind1=" " ind2=" ">
         <subfield code="a">Institution</subfield>
         <subfield code="a">Library</subfield>
      </datafield>
      <datafield tag="551" ind1="1" ind2=" ">
         <subfield code="a">Augustusburg</subfield>
         <subfield code="0">places/3902775</subfield>
      </datafield>
      <datafield tag="580" ind1="1" ind2=" ">
         <subfield code="x">D-Dl</subfield>
         <subfield code="0">institutions/30000042</subfield>
      </datafield>
      <datafield tag="667" ind1=" " ind2=" ">
         <subfield code="a">Published sources: 2419</subfield>
      </datafield>
      <datafield tag="680" ind1="1" ind2=" ">
         <subfield code="a">"Schellenberger" Provenienzen befinden sich heute in D-Dl unter der Signatur „Mus. Sche“, denn diese sind 1895 noch vor der Umbenennung der Stadt nach Dresden gekommen. Die 1895 in Schellenberg (1899 in Augustusburg umbenannt) verbliebenen Musikalien wurden 2024 als Depositum an D-Dl übergeben, wobei die Augustusburger Signatur erhalten blieb.</subfield>
      </datafield>
   </record>