
   <record>
      <leader>00000nz  a2200000nc 4500</leader>
      <controlfield tag="001">institutions/51003120</controlfield>
      <controlfield tag="003">DE-633</controlfield>
      <controlfield tag="005">20250620052248.0</controlfield>
      <controlfield tag="008">190722||||z|||a|||||||||||||||||n||||||d</controlfield>
      <datafield tag="024" ind1="7" ind2=" ">
         <subfield code="a">136731697</subfield>
         <subfield code="2">VIAF</subfield>
      </datafield>
      <datafield tag="024" ind1="7" ind2=" ">
         <subfield code="a">D-ALSrm</subfield>
         <subfield code="q">siglum</subfield>
         <subfield code="2">rism</subfield>
      </datafield>
      <datafield tag="034" ind1="1" ind2=" ">
         <subfield code="d">9.270325</subfield>
         <subfield code="f">50.750831</subfield>
      </datafield>
      <datafield tag="040" ind1=" " ind2=" ">
         <subfield code="a">DE-633</subfield>
         <subfield code="c">DE-633</subfield>
         <subfield code="e">rismg</subfield>
      </datafield>
      <datafield tag="043" ind1=" " ind2=" ">
         <subfield code="c">XA-DE</subfield>
      </datafield>
      <datafield tag="110" ind1="1" ind2=" ">
         <subfield code="a">Regionalmuseum Alsfeld</subfield>
         <subfield code="c">Alsfeld</subfield>
         <subfield code="g">D-ALSrm</subfield>
      </datafield>
      <datafield tag="368" ind1=" " ind2=" ">
         <subfield code="a">Institution</subfield>
         <subfield code="a">Library</subfield>
         <subfield code="a">Other</subfield>
      </datafield>
      <datafield tag="371" ind1=" " ind2=" ">
         <subfield code="a">Rittergasse 3-5</subfield>
         <subfield code="b">Alsfeld</subfield>
         <subfield code="c">Hessen</subfield>
         <subfield code="d">Germany</subfield>
         <subfield code="e">36304</subfield>
         <subfield code="m">info@regionalmuseum-alsfeld.de</subfield>
         <subfield code="u">https://www.regionalmuseum-alsfeld.de/</subfield>
         <subfield code="z">tel: +49 / (0)6631 / 4300</subfield>
      </datafield>
      <datafield tag="551" ind1="1" ind2=" ">
         <subfield code="a">Alsfeld</subfield>
         <subfield code="0">places/3022382</subfield>
      </datafield>
   </record>