
   <record>
      <leader>00000nz  a2200000nc 4500</leader>
      <controlfield tag="001">institutions/51007081</controlfield>
      <controlfield tag="003">DE-633</controlfield>
      <controlfield tag="005">20250620052312.0</controlfield>
      <controlfield tag="008">230216||||z|||a|||||||||||||||||n||||||d</controlfield>
      <datafield tag="024" ind1="7" ind2=" ">
         <subfield code="a">D-ANstg</subfield>
         <subfield code="q">siglum</subfield>
         <subfield code="2">rism</subfield>
      </datafield>
      <datafield tag="034" ind1="1" ind2=" ">
         <subfield code="d">10.574107611711243</subfield>
         <subfield code="f">49.3025438327776</subfield>
      </datafield>
      <datafield tag="040" ind1=" " ind2=" ">
         <subfield code="a">DE-633</subfield>
         <subfield code="c">DE-633</subfield>
         <subfield code="e">rismg</subfield>
      </datafield>
      <datafield tag="043" ind1=" " ind2=" ">
         <subfield code="c">XA-DE</subfield>
      </datafield>
      <datafield tag="110" ind1="1" ind2=" ">
         <subfield code="a">Evang.-Luth. Pfarramt St. Gumbertus, Notenarchiv</subfield>
         <subfield code="c">Ansbach</subfield>
         <subfield code="g">D-ANstg</subfield>
      </datafield>
      <datafield tag="368" ind1=" " ind2=" ">
         <subfield code="a">Institution</subfield>
         <subfield code="a">Library</subfield>
         <subfield code="a">Archive</subfield>
      </datafield>
      <datafield tag="371" ind1=" " ind2=" ">
         <subfield code="a">Johann-Sebastian-Bach-Platz 5</subfield>
         <subfield code="b">91522 Ansbach</subfield>
         <subfield code="c">Bayern</subfield>
         <subfield code="d">Germany</subfield>
         <subfield code="m">pfarramt.st-gumbertus.an@elkb.de</subfield>
         <subfield code="u">https://www.gumbertus.de/</subfield>
         <subfield code="z">tel: +49 / (0)981 / 2681</subfield>
      </datafield>
      <datafield tag="551" ind1="1" ind2=" ">
         <subfield code="a">Ansbach</subfield>
         <subfield code="0">places/3900299</subfield>
      </datafield>
   </record>