
   <record>
      <leader>00000nz  a2200000nc 4500</leader>
      <controlfield tag="001">institutions/51008055</controlfield>
      <controlfield tag="003">DE-633</controlfield>
      <controlfield tag="005">20250620052319.0</controlfield>
      <controlfield tag="008">240621||||z|||a|||||||||||||||||n||||||d</controlfield>
      <datafield tag="024" ind1="7" ind2=" ">
         <subfield code="a">4842356-7</subfield>
         <subfield code="2">DNB</subfield>
      </datafield>
      <datafield tag="024" ind1="7" ind2=" ">
         <subfield code="a">Q107299165</subfield>
         <subfield code="2">WKP</subfield>
      </datafield>
      <datafield tag="024" ind1="7" ind2=" ">
         <subfield code="a">D-ARska</subfield>
         <subfield code="q">siglum</subfield>
         <subfield code="2">rism</subfield>
      </datafield>
      <datafield tag="034" ind1="1" ind2=" ">
         <subfield code="d">10.944140918511293</subfield>
         <subfield code="f">50.83243713313831</subfield>
      </datafield>
      <datafield tag="040" ind1=" " ind2=" ">
         <subfield code="a">DE-633</subfield>
         <subfield code="c">DE-633</subfield>
         <subfield code="e">rismg</subfield>
      </datafield>
      <datafield tag="043" ind1=" " ind2=" ">
         <subfield code="c">XA-DE</subfield>
      </datafield>
      <datafield tag="110" ind1="1" ind2=" ">
         <subfield code="a">Stadt- und Kreisarchiv</subfield>
         <subfield code="c">Arnstadt</subfield>
         <subfield code="g">D-ARska</subfield>
      </datafield>
      <datafield tag="368" ind1=" " ind2=" ">
         <subfield code="a">Institution</subfield>
         <subfield code="a">Archive</subfield>
         <subfield code="a">Library</subfield>
      </datafield>
      <datafield tag="371" ind1=" " ind2=" ">
         <subfield code="a">Am Plan 2 (ehem. Schulplan)</subfield>
         <subfield code="b">Arnstadt</subfield>
         <subfield code="c">Thüringen</subfield>
         <subfield code="d">Germany</subfield>
         <subfield code="e">99310</subfield>
         <subfield code="m">a.kirchschlager@ilm-kreis.de</subfield>
         <subfield code="u">http://www.archive-in-thueringen.de/de/archiv/view/id/18</subfield>
         <subfield code="z">contact: Andrea Kirchschlager</subfield>
         <subfield code="z">tel: +49 / (0)3628 / 738213</subfield>
         <subfield code="z">fax: +49 / (0)3628 / 738209</subfield>
      </datafield>
      <datafield tag="551" ind1="1" ind2=" ">
         <subfield code="a">Arnstadt</subfield>
         <subfield code="0">places/3900433</subfield>
      </datafield>
   </record>