
   <record>
      <leader>00000nz  a2200000nc 4500</leader>
      <controlfield tag="001">institutions/51005379</controlfield>
      <controlfield tag="003">DE-633</controlfield>
      <controlfield tag="005">20250620052301.0</controlfield>
      <controlfield tag="008">210714||||z|||a|||||||||||||||||n||||||d</controlfield>
      <datafield tag="024" ind1="7" ind2=" ">
         <subfield code="a">DE-MUS-003014</subfield>
         <subfield code="2">ISIL</subfield>
      </datafield>
      <datafield tag="024" ind1="7" ind2=" ">
         <subfield code="a">148638491</subfield>
         <subfield code="2">VIAF</subfield>
      </datafield>
      <datafield tag="024" ind1="7" ind2=" ">
         <subfield code="a">Q76636786</subfield>
         <subfield code="2">WKP</subfield>
      </datafield>
      <datafield tag="024" ind1="7" ind2=" ">
         <subfield code="a">D-AYm</subfield>
         <subfield code="q">siglum</subfield>
         <subfield code="2">rism</subfield>
      </datafield>
      <datafield tag="034" ind1="1" ind2=" ">
         <subfield code="d">8.112492973387948</subfield>
         <subfield code="f">49.74734728427445</subfield>
      </datafield>
      <datafield tag="040" ind1=" " ind2=" ">
         <subfield code="a">DE-633</subfield>
         <subfield code="c">DE-633</subfield>
         <subfield code="e">rismg</subfield>
      </datafield>
      <datafield tag="043" ind1=" " ind2=" ">
         <subfield code="c">XA-DE</subfield>
      </datafield>
      <datafield tag="110" ind1="1" ind2=" ">
         <subfield code="a">Museum der Stadt Alzey</subfield>
         <subfield code="c">Alzey</subfield>
         <subfield code="g">D-AYm</subfield>
      </datafield>
      <datafield tag="368" ind1=" " ind2=" ">
         <subfield code="a">Institution</subfield>
         <subfield code="a">Library</subfield>
         <subfield code="a">Museum</subfield>
         <subfield code="a">Archive</subfield>
      </datafield>
      <datafield tag="371" ind1=" " ind2=" ">
         <subfield code="a">Antoniterstraße 41</subfield>
         <subfield code="b">Alzey</subfield>
         <subfield code="c">Rheinland-Pfalz</subfield>
         <subfield code="d">Germany</subfield>
         <subfield code="e">55232</subfield>
         <subfield code="m">museum@alzey.de</subfield>
         <subfield code="u">http://www.museum-alzey.de/</subfield>
         <subfield code="z">tel: +49 / (0)6731 / 498896</subfield>
         <subfield code="z">fax: +49 / (0)6731 / 990885</subfield>
      </datafield>
      <datafield tag="510" ind1="2" ind2=" ">
         <subfield code="a">Stadtarchiv</subfield>
      </datafield>
      <datafield tag="551" ind1="1" ind2=" ">
         <subfield code="a">Alzey</subfield>
         <subfield code="0">places/3900551</subfield>
      </datafield>
      <datafield tag="680" ind1="1" ind2=" ">
         <subfield code="a">Das Museum der Stadt Alzey versteht sich als stadt- und regionalgeschichtliches Museum für die Stadt Alzey sowie das Innere Rheinhessen, dem Alzeyer Land. Zugleich fungiert es als Serviceeinrichtung für die heimatgeschichtliche Forschung in der und für die Region. Durch das ins Museum integrierte Stadtarchiv und seine umfangreiche regionalgeschichtliche Bibliothek bietet es die hierfür erforderliche Infrastruktur.</subfield>
      </datafield>
   </record>