
   <record>
      <leader>00000nz  a2200000nc 4500</leader>
      <controlfield tag="001">institutions/30000101</controlfield>
      <controlfield tag="003">DE-633</controlfield>
      <controlfield tag="005">20250620051952.0</controlfield>
      <controlfield tag="008">161109||||z|||a|||||||||||||||||n||||||d</controlfield>
      <datafield tag="024" ind1="7" ind2=" ">
         <subfield code="a">D-BAUd</subfield>
         <subfield code="q">siglum</subfield>
         <subfield code="2">rism</subfield>
      </datafield>
      <datafield tag="034" ind1="1" ind2=" ">
         <subfield code="d">14.423464585759548</subfield>
         <subfield code="f">51.183156710675924</subfield>
      </datafield>
      <datafield tag="040" ind1=" " ind2=" ">
         <subfield code="a">DE-633</subfield>
         <subfield code="c">DE-633</subfield>
         <subfield code="e">rismg</subfield>
      </datafield>
      <datafield tag="043" ind1=" " ind2=" ">
         <subfield code="c">XA-DE</subfield>
      </datafield>
      <datafield tag="110" ind1="1" ind2=" ">
         <subfield code="a">Domstift und Bischöfliches Ordinariat, Bibliothek und Archiv</subfield>
         <subfield code="c">Bautzen</subfield>
         <subfield code="g">D-BAUd</subfield>
      </datafield>
      <datafield tag="368" ind1=" " ind2=" ">
         <subfield code="a">Institution</subfield>
         <subfield code="a">Archive</subfield>
         <subfield code="a">Library</subfield>
      </datafield>
      <datafield tag="371" ind1=" " ind2=" ">
         <subfield code="a">An der Petrikirche 6</subfield>
         <subfield code="b">Bautzen</subfield>
         <subfield code="c">Sachsen</subfield>
         <subfield code="d">Germany</subfield>
         <subfield code="e">02625</subfield>
         <subfield code="m">archiv@bddmei.de</subfield>
         <subfield code="u">https://www.bistum-dresden-meissen.de/vielseitig-engagiert/dioezesanarchiv</subfield>
         <subfield code="z">contact: Dr. Birgit Mitzscherlich</subfield>
         <subfield code="z">tel: +49 / (0)3591 / 351950</subfield>
         <subfield code="z">fax: +49 / (0)3591 / 35195-22</subfield>
      </datafield>
      <datafield tag="410" ind1=" " ind2=" ">
         <subfield code="a">Diözesanarchiv des Bistums Dresden-Meißen</subfield>
      </datafield>
      <datafield tag="410" ind1=" " ind2=" ">
         <subfield code="a">Diözesan- und Domstiftsbibliothek</subfield>
      </datafield>
      <datafield tag="551" ind1="1" ind2=" ">
         <subfield code="a">Bautzen</subfield>
         <subfield code="0">places/3900540</subfield>
      </datafield>
      <datafield tag="667" ind1=" " ind2=" ">
         <subfield code="a">Published sources: 453</subfield>
      </datafield>
   </record>