
   <record>
      <leader>00000nz  a2200000nc 4500</leader>
      <controlfield tag="001">institutions/51005638</controlfield>
      <controlfield tag="003">DE-633</controlfield>
      <controlfield tag="005">20250620052303.0</controlfield>
      <controlfield tag="008">211004||||z|||a|||||||||||||||||n||||||d</controlfield>
      <datafield tag="024" ind1="7" ind2=" ">
         <subfield code="a">2013472-1</subfield>
         <subfield code="2">DNB</subfield>
      </datafield>
      <datafield tag="024" ind1="7" ind2=" ">
         <subfield code="a">D-BAief</subfield>
         <subfield code="q">siglum</subfield>
         <subfield code="2">rism</subfield>
      </datafield>
      <datafield tag="034" ind1="1" ind2=" ">
         <subfield code="d">10.886420396105855</subfield>
         <subfield code="f">49.89520251576461</subfield>
      </datafield>
      <datafield tag="040" ind1=" " ind2=" ">
         <subfield code="a">DE-633</subfield>
         <subfield code="c">DE-633</subfield>
         <subfield code="e">rismg</subfield>
      </datafield>
      <datafield tag="043" ind1=" " ind2=" ">
         <subfield code="c">XA-DE</subfield>
      </datafield>
      <datafield tag="110" ind1="1" ind2=" ">
         <subfield code="a">Archiv des Instituts der Englischen Fräulein</subfield>
         <subfield code="c">Bamberg</subfield>
         <subfield code="g">D-BAief</subfield>
      </datafield>
      <datafield tag="368" ind1=" " ind2=" ">
         <subfield code="a">Institution</subfield>
         <subfield code="a">Library</subfield>
         <subfield code="a">Archive</subfield>
      </datafield>
      <datafield tag="371" ind1=" " ind2=" ">
         <subfield code="a">Holzmarkt 2</subfield>
         <subfield code="b">Bamberg</subfield>
         <subfield code="c">Bayern</subfield>
         <subfield code="d">Germany</subfield>
         <subfield code="e">96047</subfield>
         <subfield code="m">bamberg@congregatiojesu.de</subfield>
         <subfield code="u">https://institutskirche-bamberg.de/</subfield>
         <subfield code="z">contact: Sr. Claudia Köberlein CJ</subfield>
         <subfield code="z">tel: +49 / (0)951 / 980230</subfield>
      </datafield>
      <datafield tag="551" ind1="1" ind2=" ">
         <subfield code="a">Bamberg</subfield>
         <subfield code="0">places/3900448</subfield>
      </datafield>
   </record>