
   <record>
      <leader>00000nz  a2200000nc 4500</leader>
      <controlfield tag="001">institutions/51003239</controlfield>
      <controlfield tag="003">DE-633</controlfield>
      <controlfield tag="005">20250620052249.0</controlfield>
      <controlfield tag="008">190903||||z|||a|||||||||||||||||n||||||d</controlfield>
      <datafield tag="024" ind1="7" ind2=" ">
         <subfield code="a">D-BDHsta</subfield>
         <subfield code="q">siglum</subfield>
         <subfield code="2">rism</subfield>
      </datafield>
      <datafield tag="034" ind1="1" ind2=" ">
         <subfield code="d">8.595135</subfield>
         <subfield code="f">50.229099</subfield>
      </datafield>
      <datafield tag="040" ind1=" " ind2=" ">
         <subfield code="a">DE-633</subfield>
         <subfield code="c">DE-633</subfield>
         <subfield code="e">rismg</subfield>
      </datafield>
      <datafield tag="043" ind1=" " ind2=" ">
         <subfield code="c">XA-DE</subfield>
      </datafield>
      <datafield tag="110" ind1="1" ind2=" ">
         <subfield code="a">Stadtarchiv</subfield>
         <subfield code="c">Bad Homburg vor der Höhe</subfield>
         <subfield code="g">D-BDHsta</subfield>
      </datafield>
      <datafield tag="368" ind1=" " ind2=" ">
         <subfield code="a">Institution</subfield>
         <subfield code="a">Library</subfield>
         <subfield code="a">Archive</subfield>
      </datafield>
      <datafield tag="371" ind1=" " ind2=" ">
         <subfield code="a">Villa Wertheimber</subfield>
         <subfield code="a">Tannenwaldallee 50</subfield>
         <subfield code="b">Bad Homburg v. d. Höhe</subfield>
         <subfield code="c">Hessen</subfield>
         <subfield code="d">Deutschland</subfield>
         <subfield code="e">61348</subfield>
         <subfield code="m">stadtarchiv@bad-homburg.de</subfield>
         <subfield code="u">https://www.bad-homburg.de/kultur/archiv-geschichte/stadtarchiv/Stadtarchiv-allgemein.php</subfield>
         <subfield code="z">tel: +49 / (0)6172 / 100-4140</subfield>
      </datafield>
      <datafield tag="551" ind1="1" ind2=" ">
         <subfield code="a">Bad Homburg vor der Höhe</subfield>
         <subfield code="0">places/3902971</subfield>
      </datafield>
      <datafield tag="667" ind1=" " ind2=" ">
         <subfield code="a">Published sources: 468</subfield>
      </datafield>
   </record>