
   <record>
      <leader>00000nz  a2200000nc 4500</leader>
      <controlfield tag="001">institutions/30005023</controlfield>
      <controlfield tag="003">DE-633</controlfield>
      <controlfield tag="005">20250620052035.0</controlfield>
      <controlfield tag="008">161109||||z|||a|||||||||||||||||n||||||d</controlfield>
      <datafield tag="024" ind1="7" ind2=" ">
         <subfield code="a">143544614</subfield>
         <subfield code="2">VIAF</subfield>
      </datafield>
      <datafield tag="024" ind1="7" ind2=" ">
         <subfield code="a">D-BGLidmo</subfield>
         <subfield code="q">siglum</subfield>
         <subfield code="2">rism</subfield>
      </datafield>
      <datafield tag="034" ind1="1" ind2=" ">
         <subfield code="d">7.124367</subfield>
         <subfield code="f">50.717210</subfield>
      </datafield>
      <datafield tag="040" ind1=" " ind2=" ">
         <subfield code="a">DE-633</subfield>
         <subfield code="c">DE-633</subfield>
         <subfield code="e">rismg</subfield>
      </datafield>
      <datafield tag="043" ind1=" " ind2=" ">
         <subfield code="c">XA-DE</subfield>
      </datafield>
      <datafield tag="110" ind1="1" ind2=" ">
         <subfield code="a">Interkulturelles Forschungsprojekt Deutsche Musikkultur im östlichen Europa</subfield>
         <subfield code="c">Bonn</subfield>
         <subfield code="g">D-BGLidmo</subfield>
      </datafield>
      <datafield tag="368" ind1=" " ind2=" ">
         <subfield code="a">Institution</subfield>
         <subfield code="a">Library</subfield>
      </datafield>
      <datafield tag="371" ind1=" " ind2=" ">
         <subfield code="a">c/o Prof. Dr. Bettina Schlüter</subfield>
         <subfield code="a">Forum Internationale Wissenschaft (FIW)</subfield>
         <subfield code="a">Heussallee 18-24</subfield>
         <subfield code="b">Bonn</subfield>
         <subfield code="c">Nordrhein-Westfalen</subfield>
         <subfield code="d">Germany</subfield>
         <subfield code="e">53113</subfield>
         <subfield code="m">dmk-oeu@uni-bonn.de</subfield>
         <subfield code="u">http://www.dmk-oeu.uni-bonn.de/</subfield>
         <subfield code="z">tel: +49 / (0)228 / 429551-2</subfield>
         <subfield code="z">fax: +49 / (0)228 / 429551-23</subfield>
      </datafield>
      <datafield tag="410" ind1=" " ind2=" ">
         <subfield code="a">Institut für deutsche Musikkultur im östlichen Europa e. V.</subfield>
      </datafield>
      <datafield tag="410" ind1=" " ind2=" ">
         <subfield code="a">Institut für Deutsche Musik im Osten (Bergisch Gladbach)</subfield>
      </datafield>
      <datafield tag="551" ind1="1" ind2=" ">
         <subfield code="a">Bonn</subfield>
         <subfield code="0">places/3900153</subfield>
      </datafield>
      <datafield tag="580" ind1="1" ind2=" ">
         <subfield code="x">D-BNms</subfield>
         <subfield code="0">institutions/30000694</subfield>
      </datafield>
      <datafield tag="667" ind1=" " ind2=" ">
         <subfield code="a">Published sources: 97</subfield>
      </datafield>
      <datafield tag="680" ind1="1" ind2=" ">
         <subfield code="a">Früher in Bergisch Gladbach ansässig, dann in Bonn.</subfield>
      </datafield>
      <datafield tag="680" ind1="1" ind2=" ">
         <subfield code="a">Von 07/1998 bis Ende 2003 als IME geführt.</subfield>
      </datafield>
   </record>