
   <record>
      <leader>00000nz  a2200000nc 4500</leader>
      <controlfield tag="001">institutions/51002601</controlfield>
      <controlfield tag="003">DE-633</controlfield>
      <controlfield tag="005">20250620052246.0</controlfield>
      <controlfield tag="008">190114||||z|||a|||||||||||||||||n||||||d</controlfield>
      <datafield tag="024" ind1="7" ind2=" ">
         <subfield code="a">D-BHflm</subfield>
         <subfield code="q">siglum</subfield>
         <subfield code="2">rism</subfield>
      </datafield>
      <datafield tag="034" ind1="1" ind2=" ">
         <subfield code="d">11.582713</subfield>
         <subfield code="f">49.940635</subfield>
      </datafield>
      <datafield tag="040" ind1=" " ind2=" ">
         <subfield code="a">DE-633</subfield>
         <subfield code="c">DE-633</subfield>
         <subfield code="e">rismg</subfield>
      </datafield>
      <datafield tag="043" ind1=" " ind2=" ">
         <subfield code="c">XA-DE</subfield>
      </datafield>
      <datafield tag="110" ind1="1" ind2=" ">
         <subfield code="a">Franz-Liszt-Museum Bayreuth</subfield>
         <subfield code="c">Bayreuth</subfield>
         <subfield code="g">D-BHflm</subfield>
      </datafield>
      <datafield tag="368" ind1=" " ind2=" ">
         <subfield code="a">Institution</subfield>
         <subfield code="a">Library</subfield>
         <subfield code="a">Other</subfield>
      </datafield>
      <datafield tag="371" ind1=" " ind2=" ">
         <subfield code="a">Wahnfriedstraße 9</subfield>
         <subfield code="b">Bayreuth</subfield>
         <subfield code="c">Bayern</subfield>
         <subfield code="d">Germany</subfield>
         <subfield code="e">95444</subfield>
         <subfield code="m">franz-liszt-museum@stadt.bayreuth.de</subfield>
         <subfield code="u">https://www.bayreuth.de/tourismus-kultur-freizeit/sehen-und-erleben/museen/franz-liszt-museum-bayreuth/</subfield>
         <subfield code="z">tel: +49 / (0)921 / 5166488</subfield>
         <subfield code="z">fax: +49 / (0)921 / 7572822</subfield>
      </datafield>
      <datafield tag="551" ind1="1" ind2=" ">
         <subfield code="a">Bayreuth</subfield>
         <subfield code="0">places/3900407</subfield>
      </datafield>
   </record>