
   <record>
      <leader>00000nz  a2200000nc 4500</leader>
      <controlfield tag="001">institutions/51001797</controlfield>
      <controlfield tag="003">DE-633</controlfield>
      <controlfield tag="005">20250620052241.0</controlfield>
      <controlfield tag="008">180831||||z|||a|||||||||||||||||n||||||d</controlfield>
      <datafield tag="024" ind1="7" ind2=" ">
         <subfield code="a">D-BIanb</subfield>
         <subfield code="q">siglum</subfield>
         <subfield code="2">rism</subfield>
      </datafield>
      <datafield tag="034" ind1="1" ind2=" ">
         <subfield code="d">8.533421</subfield>
         <subfield code="f">52.021019</subfield>
      </datafield>
      <datafield tag="040" ind1=" " ind2=" ">
         <subfield code="a">DE-633</subfield>
         <subfield code="c">DE-633</subfield>
         <subfield code="e">rismg</subfield>
      </datafield>
      <datafield tag="043" ind1=" " ind2=" ">
         <subfield code="c">XA-DE</subfield>
      </datafield>
      <datafield tag="110" ind1="1" ind2=" ">
         <subfield code="a">Altstädter Nicolaikirchengemeinde, Bibliothek</subfield>
         <subfield code="c">Bielefeld</subfield>
         <subfield code="g">D-BIanb</subfield>
      </datafield>
      <datafield tag="368" ind1=" " ind2=" ">
         <subfield code="a">Institution</subfield>
         <subfield code="a">Library</subfield>
      </datafield>
      <datafield tag="371" ind1=" " ind2=" ">
         <subfield code="a">Altstädter Kirchstraße 12</subfield>
         <subfield code="b">Bielefeld</subfield>
         <subfield code="c">Nordrhein-Westfalen</subfield>
         <subfield code="d">Germany</subfield>
         <subfield code="e">33602</subfield>
         <subfield code="m">BI-KG-Altstadt@kk-ekvw.de</subfield>
         <subfield code="u">https://www.kirche-bielefeld.de/.cms/68</subfield>
         <subfield code="z">tel: +49 / (0)521 / 122025</subfield>
         <subfield code="z">fax: +49 /	(0)521 / 3294643</subfield>
      </datafield>
      <datafield tag="551" ind1="1" ind2=" ">
         <subfield code="a">Bielefeld</subfield>
         <subfield code="0">places/3900446</subfield>
      </datafield>
   </record>