
   <record>
      <leader>00000nz  a2200000nc 4500</leader>
      <controlfield tag="001">institutions/30080615</controlfield>
      <controlfield tag="003">DE-633</controlfield>
      <controlfield tag="005">20250620052132.0</controlfield>
      <controlfield tag="008">161109||||z|||a|||||||||||||||||n||||||d</controlfield>
      <datafield tag="024" ind1="7" ind2=" ">
         <subfield code="a">D-BMim</subfield>
         <subfield code="q">siglum</subfield>
         <subfield code="2">rism</subfield>
      </datafield>
      <datafield tag="034" ind1="2" ind2=" ">
         <subfield code="d">8.854795</subfield>
         <subfield code="f">53.106533</subfield>
      </datafield>
      <datafield tag="040" ind1=" " ind2=" ">
         <subfield code="a">DE-633</subfield>
         <subfield code="c">DE-633</subfield>
         <subfield code="e">rismg</subfield>
      </datafield>
      <datafield tag="043" ind1=" " ind2=" ">
         <subfield code="c">XA-DE</subfield>
      </datafield>
      <datafield tag="110" ind1="2" ind2=" ">
         <subfield code="a">Universität Bremen - Institut für Musikwissenschaft und Musikpädagogik, Bibliothek</subfield>
         <subfield code="c">Bremen</subfield>
         <subfield code="g">D-BMim</subfield>
      </datafield>
      <datafield tag="368" ind1=" " ind2=" ">
         <subfield code="a">Institution</subfield>
      </datafield>
      <datafield tag="368" ind1=" " ind2=" ">
         <subfield code="a">Library</subfield>
      </datafield>
      <datafield tag="371" ind1=" " ind2=" ">
         <subfield code="a">Universität Bremen - Institut für,  Musikwissenschaft und Musikpädagogik,,  Bibliothek, Gebäude GW2, 4. Stock, Raum A 4398, Enrique-Schmidt-Straße, 28359 Bremen, Germany</subfield>
         <subfield code="u">http://www.musik.uni-bremen.de/de/start.html</subfield>
      </datafield>
      <datafield tag="551" ind1=" " ind2=" ">
         <subfield code="a">Bremen</subfield>
         <subfield code="0">places/3900443</subfield>
      </datafield>
   </record>