
   <record>
      <leader>00000nz  a2200000nc 4500</leader>
      <controlfield tag="001">institutions/51005997</controlfield>
      <controlfield tag="003">DE-633</controlfield>
      <controlfield tag="005">20250620052305.0</controlfield>
      <controlfield tag="008">220103||||z|||a|||||||||||||||||n||||||d</controlfield>
      <datafield tag="024" ind1="7" ind2=" ">
         <subfield code="a">DE-MUS-405118</subfield>
         <subfield code="2">ISIL</subfield>
      </datafield>
      <datafield tag="024" ind1="7" ind2=" ">
         <subfield code="a">5096360-0</subfield>
         <subfield code="2">DNB</subfield>
      </datafield>
      <datafield tag="024" ind1="7" ind2=" ">
         <subfield code="a">Q24036381</subfield>
         <subfield code="2">WKP</subfield>
      </datafield>
      <datafield tag="024" ind1="7" ind2=" ">
         <subfield code="a">D-BNstm</subfield>
         <subfield code="q">siglum</subfield>
         <subfield code="2">rism</subfield>
      </datafield>
      <datafield tag="034" ind1="1" ind2=" ">
         <subfield code="d">7.104548769147518</subfield>
         <subfield code="f">50.734689889107436</subfield>
      </datafield>
      <datafield tag="040" ind1=" " ind2=" ">
         <subfield code="a">DE-633</subfield>
         <subfield code="c">DE-633</subfield>
         <subfield code="e">rismg</subfield>
      </datafield>
      <datafield tag="043" ind1=" " ind2=" ">
         <subfield code="c">XA-DE</subfield>
      </datafield>
      <datafield tag="110" ind1="1" ind2=" ">
         <subfield code="a">Stadtmuseum</subfield>
         <subfield code="c">Bonn</subfield>
         <subfield code="g">D-BNstm</subfield>
      </datafield>
      <datafield tag="368" ind1=" " ind2=" ">
         <subfield code="a">Institution</subfield>
         <subfield code="a">Library</subfield>
         <subfield code="a">Museum</subfield>
      </datafield>
      <datafield tag="371" ind1=" " ind2=" ">
         <subfield code="a">Franziskanerstraße 9</subfield>
         <subfield code="b">Bonn</subfield>
         <subfield code="c">Nordrhein-Westfalen</subfield>
         <subfield code="d">Germany</subfield>
         <subfield code="e">53113</subfield>
         <subfield code="m">stadtmuseum@bonn.de</subfield>
         <subfield code="u">https://www.bonn.de/stadtmuseum</subfield>
         <subfield code="z">tel: +49 / (0)228 / 772877</subfield>
      </datafield>
      <datafield tag="551" ind1="1" ind2=" ">
         <subfield code="a">Bonn</subfield>
         <subfield code="0">places/3900153</subfield>
      </datafield>
   </record>