
   <record>
      <leader>00000nz  a2200000nc 4500</leader>
      <controlfield tag="001">institutions/51009019</controlfield>
      <controlfield tag="003">DE-633</controlfield>
      <controlfield tag="005">20250902141426.0</controlfield>
      <controlfield tag="008">250902||||z|||a|||||||||||||||||n||||||d</controlfield>
      <datafield tag="024" ind1="7" ind2=" ">
         <subfield code="a">132709087</subfield>
         <subfield code="2">VIAF</subfield>
      </datafield>
      <datafield tag="024" ind1="7" ind2=" ">
         <subfield code="a">4504131-3</subfield>
         <subfield code="2">DNB</subfield>
      </datafield>
      <datafield tag="024" ind1="7" ind2=" ">
         <subfield code="a">Q28734890</subfield>
         <subfield code="2">WKP</subfield>
      </datafield>
      <datafield tag="024" ind1="7" ind2=" ">
         <subfield code="a">D-BOPea</subfield>
         <subfield code="q">siglum</subfield>
         <subfield code="2">rism</subfield>
      </datafield>
      <datafield tag="034" ind1="1" ind2=" ">
         <subfield code="d">7.603659986749772</subfield>
         <subfield code="f">50.230071948212846</subfield>
      </datafield>
      <datafield tag="040" ind1=" " ind2=" ">
         <subfield code="a">DE-633</subfield>
         <subfield code="c">DE-633</subfield>
         <subfield code="e">rismg</subfield>
      </datafield>
      <datafield tag="043" ind1=" " ind2=" ">
         <subfield code="c">XA-DE</subfield>
      </datafield>
      <datafield tag="110" ind1="1" ind2=" ">
         <subfield code="a">Archiv der Evangelischen Kirche im Rheinland, Evangelische Archivstelle Boppard</subfield>
         <subfield code="c">Boppard</subfield>
         <subfield code="g">D-BOPea</subfield>
      </datafield>
      <datafield tag="368" ind1=" " ind2=" ">
         <subfield code="a">Institution</subfield>
         <subfield code="a">Archive</subfield>
         <subfield code="a">Library</subfield>
      </datafield>
      <datafield tag="371" ind1=" " ind2=" ">
         <subfield code="a">Mainzer Straße 8</subfield>
         <subfield code="b">Boppard</subfield>
         <subfield code="c">Rheinland-Pfalz</subfield>
         <subfield code="d">Germany</subfield>
         <subfield code="e">56154</subfield>
         <subfield code="m">archivstelle.boppard@ekir.de</subfield>
         <subfield code="u">https://archiv.ekir.de/inhalt/evangelische-archivstelle-boppard/</subfield>
         <subfield code="z">tel: +49 / (0)6742 / 86194</subfield>
      </datafield>
      <datafield tag="551" ind1="1" ind2=" ">
         <subfield code="a">Boppard</subfield>
         <subfield code="0">places/50012000</subfield>
      </datafield>
   </record>