
   <record>
      <leader>00000nz  a2200000nc 4500</leader>
      <controlfield tag="001">institutions/30076663</controlfield>
      <controlfield tag="003">DE-633</controlfield>
      <controlfield tag="005">20250620052111.0</controlfield>
      <controlfield tag="008">161109||||z|||a|||||||||||||||||n||||||d</controlfield>
      <datafield tag="024" ind1="7" ind2=" ">
         <subfield code="a">1237055938</subfield>
         <subfield code="2">DNB</subfield>
      </datafield>
      <datafield tag="024" ind1="7" ind2=" ">
         <subfield code="a">D-BRUavm</subfield>
         <subfield code="q">siglum</subfield>
         <subfield code="2">rism</subfield>
      </datafield>
      <datafield tag="034" ind1="1" ind2=" ">
         <subfield code="d">11.91676616902549</subfield>
         <subfield code="f">47.88877710584117</subfield>
      </datafield>
      <datafield tag="040" ind1=" " ind2=" ">
         <subfield code="a">DE-633</subfield>
         <subfield code="c">DE-633</subfield>
         <subfield code="e">rismg</subfield>
      </datafield>
      <datafield tag="043" ind1=" " ind2=" ">
         <subfield code="c">XA-DE</subfield>
      </datafield>
      <datafield tag="110" ind1="1" ind2=" ">
         <subfield code="a">Archiv für Volksmusik und regionale Literatur</subfield>
         <subfield code="c">Bruckmühl</subfield>
         <subfield code="g">D-BRUavm</subfield>
      </datafield>
      <datafield tag="368" ind1=" " ind2=" ">
         <subfield code="a">Institution</subfield>
         <subfield code="a">Library</subfield>
         <subfield code="a">Archive</subfield>
      </datafield>
      <datafield tag="371" ind1=" " ind2=" ">
         <subfield code="a">Krankenhausweg 39</subfield>
         <subfield code="b">83052 Bruckmühl</subfield>
         <subfield code="c">Bayern</subfield>
         <subfield code="d">Germany</subfield>
         <subfield code="m">verena.wittmann@bezirk-oberbayern.de</subfield>
         <subfield code="u">https://www.bezirk-oberbayern.de/Heimat/Zentrum-f%C3%BCr-Volksmusik-Literatur-und-Popularmusik/Archiv-f%C3%BCr-Volksmusik-und-regionale-Literatur/</subfield>
         <subfield code="z">contact: Verena Wittmann</subfield>
         <subfield code="z">tel: +49 / (0)8062 5164</subfield>
      </datafield>
      <datafield tag="410" ind1=" " ind2=" ">
         <subfield code="a">Volksliedarchiv des Bezirks Oberbayern</subfield>
      </datafield>
      <datafield tag="510" ind1="2" ind2=" ">
         <subfield code="a">Zentrum für Volksmusik, Literatur und Popularmusik (ZeMuLi)</subfield>
      </datafield>
      <datafield tag="551" ind1="1" ind2=" ">
         <subfield code="a">Bruckmühl</subfield>
         <subfield code="0">places/50019829</subfield>
      </datafield>
   </record>