
   <record>
      <leader>00000nz  a2200000nc 4500</leader>
      <controlfield tag="001">institutions/30000702</controlfield>
      <controlfield tag="003">DE-633</controlfield>
      <controlfield tag="005">20250620051958.0</controlfield>
      <controlfield tag="008">161109||||z|||a|||||||||||||||||n||||||d</controlfield>
      <datafield tag="024" ind1="7" ind2=" ">
         <subfield code="a">DE-Bs77</subfield>
         <subfield code="2">ISIL</subfield>
      </datafield>
      <datafield tag="024" ind1="7" ind2=" ">
         <subfield code="a">5134200-5</subfield>
         <subfield code="2">DNB</subfield>
      </datafield>
      <datafield tag="024" ind1="7" ind2=" ">
         <subfield code="a">D-BSps</subfield>
         <subfield code="q">siglum</subfield>
         <subfield code="2">rism</subfield>
      </datafield>
      <datafield tag="034" ind1="1" ind2=" ">
         <subfield code="d">10.518895856932414</subfield>
         <subfield code="f">52.26487876938336</subfield>
      </datafield>
      <datafield tag="040" ind1=" " ind2=" ">
         <subfield code="a">DE-633</subfield>
         <subfield code="c">DE-633</subfield>
         <subfield code="e">rismg</subfield>
      </datafield>
      <datafield tag="043" ind1=" " ind2=" ">
         <subfield code="c">XA-DE</subfield>
      </datafield>
      <datafield tag="110" ind1="1" ind2=" ">
         <subfield code="a">Evangelisch-Lutherische Landeskirche Braunschweig, Theologisches Zentrum, Bibliothek</subfield>
         <subfield code="c">Braunschweig</subfield>
         <subfield code="g">D-BSps</subfield>
      </datafield>
      <datafield tag="368" ind1=" " ind2=" ">
         <subfield code="a">Institution</subfield>
         <subfield code="a">Library</subfield>
      </datafield>
      <datafield tag="371" ind1=" " ind2=" ">
         <subfield code="a">Alter Zeughof 1</subfield>
         <subfield code="b">Braunschweig</subfield>
         <subfield code="c">Niedersachsen</subfield>
         <subfield code="d">Germany</subfield>
         <subfield code="e">38100</subfield>
         <subfield code="m">bibliothek.thz@lk-bs.de</subfield>
         <subfield code="u">https://www.thzbs.de/bibliothek/home/</subfield>
         <subfield code="z">tel: +49 / (0)531 / 125417</subfield>
         <subfield code="z">contact: Kai Anne Kröger</subfield>
      </datafield>
      <datafield tag="410" ind1=" " ind2=" ">
         <subfield code="a">Predigerseminar der Evangelisch-Lutherischen Landeskirche, Bibliothek</subfield>
      </datafield>
      <datafield tag="551" ind1="1" ind2=" ">
         <subfield code="a">Braunschweig</subfield>
         <subfield code="0">places/3900441</subfield>
      </datafield>
      <datafield tag="667" ind1=" " ind2=" ">
         <subfield code="a">Published sources: 34</subfield>
      </datafield>
   </record>