
   <record>
      <leader>00000nz  a2200000nc 4500</leader>
      <controlfield tag="001">institutions/51001632</controlfield>
      <controlfield tag="003">DE-633</controlfield>
      <controlfield tag="005">20250620052240.0</controlfield>
      <controlfield tag="008">180529||||z|||a|||||||||||||||||n||||||d</controlfield>
      <datafield tag="024" ind1="7" ind2=" ">
         <subfield code="a">D-BSthb</subfield>
         <subfield code="q">siglum</subfield>
         <subfield code="2">rism</subfield>
      </datafield>
      <datafield tag="034" ind1="1" ind2=" ">
         <subfield code="d">10.532311</subfield>
         <subfield code="f">52.265987</subfield>
      </datafield>
      <datafield tag="040" ind1=" " ind2=" ">
         <subfield code="a">DE-633</subfield>
         <subfield code="c">DE-633</subfield>
         <subfield code="e">rismg</subfield>
      </datafield>
      <datafield tag="043" ind1=" " ind2=" ">
         <subfield code="c">XA-DE</subfield>
      </datafield>
      <datafield tag="110" ind1="1" ind2=" ">
         <subfield code="a">Staatstheater Braunschweig, Bibliothek</subfield>
         <subfield code="c">Braunschweig</subfield>
         <subfield code="g">D-BSthb</subfield>
      </datafield>
      <datafield tag="368" ind1=" " ind2=" ">
         <subfield code="a">Institution</subfield>
         <subfield code="a">Library</subfield>
      </datafield>
      <datafield tag="371" ind1=" " ind2=" ">
         <subfield code="a">Am Theater</subfield>
         <subfield code="b">Braunschweig</subfield>
         <subfield code="c">Niedersachsen</subfield>
         <subfield code="d">Germany</subfield>
         <subfield code="e">38100</subfield>
         <subfield code="m">info@staatstheater-braunschweig.de</subfield>
         <subfield code="u">http://www.staatstheater-braunschweig.de/</subfield>
         <subfield code="z">tel: +49 / (0)531 / 1234 0</subfield>
         <subfield code="z">fax: +49 / (0)531 / 1234 103</subfield>
      </datafield>
      <datafield tag="551" ind1="1" ind2=" ">
         <subfield code="a">Braunschweig</subfield>
         <subfield code="0">places/3900441</subfield>
      </datafield>
      <datafield tag="680" ind1="1" ind2=" ">
         <subfield code="a">Die historischen Musikalien des ehemals Herzoglichen Hoftheaters befinden sich heute in: Niedersächsisches Landesarchiv - Standort Wolfenbüttel (D-Wa).</subfield>
      </datafield>
   </record>