
   <record>
      <leader>00000nz  a2200000nc 4500</leader>
      <controlfield tag="001">institutions/51000261</controlfield>
      <controlfield tag="003">DE-633</controlfield>
      <controlfield tag="005">20250620052235.0</controlfield>
      <controlfield tag="008">170424||||z|||a|||||||||||||||||n||||||d</controlfield>
      <datafield tag="024" ind1="7" ind2=" ">
         <subfield code="a">D-BTR</subfield>
         <subfield code="q">siglum</subfield>
         <subfield code="2">rism</subfield>
      </datafield>
      <datafield tag="034" ind1="1" ind2=" ">
         <subfield code="d">9.747126</subfield>
         <subfield code="f">47.849988</subfield>
      </datafield>
      <datafield tag="040" ind1=" " ind2=" ">
         <subfield code="a">DE-633</subfield>
         <subfield code="c">DE-633</subfield>
         <subfield code="e">rismg</subfield>
      </datafield>
      <datafield tag="043" ind1=" " ind2=" ">
         <subfield code="c">XA-DE</subfield>
      </datafield>
      <datafield tag="110" ind1="1" ind2=" ">
         <subfield code="a">Kath. Pfarramt St. Philippus und Jakobus, Musiksammlung</subfield>
         <subfield code="c">Bergatreute</subfield>
         <subfield code="g">D-BTR</subfield>
      </datafield>
      <datafield tag="368" ind1=" " ind2=" ">
         <subfield code="a">Institution</subfield>
         <subfield code="a">Library</subfield>
      </datafield>
      <datafield tag="371" ind1=" " ind2=" ">
         <subfield code="a">Ravensburger Straße 31</subfield>
         <subfield code="b">Bergatreute</subfield>
         <subfield code="c">Baden-Württemberg</subfield>
         <subfield code="d">Germany</subfield>
         <subfield code="e">88368</subfield>
         <subfield code="m">KathPfarramt.Bergatreute@drs.de</subfield>
         <subfield code="m">A.Hepp@Wolfegg.de</subfield>
         <subfield code="z">contact: Alexander Hepp</subfield>
         <subfield code="z">tel: +49 / (0)7527 / 4403</subfield>
      </datafield>
      <datafield tag="551" ind1="1" ind2=" ">
         <subfield code="a">Bergatreute</subfield>
         <subfield code="0">places/4000024</subfield>
      </datafield>
      <datafield tag="678" ind1="1" ind2=" ">
         <subfield code="a">http://www-old.eglofs.de/musikmus/Musik/Personen/Hoh.htm</subfield>
      </datafield>
   </record>