
   <record>
      <leader>00000nz  a2200000nc 4500</leader>
      <controlfield tag="001">institutions/51004232</controlfield>
      <controlfield tag="003">DE-633</controlfield>
      <controlfield tag="005">20250620052254.0</controlfield>
      <controlfield tag="008">200731||||z|||a|||||||||||||||||n||||||d</controlfield>
      <datafield tag="024" ind1="7" ind2=" ">
         <subfield code="a">132121653</subfield>
         <subfield code="2">VIAF</subfield>
      </datafield>
      <datafield tag="024" ind1="7" ind2=" ">
         <subfield code="a">Q811389</subfield>
         <subfield code="2">WKP</subfield>
      </datafield>
      <datafield tag="024" ind1="7" ind2=" ">
         <subfield code="a">D-Bba</subfield>
         <subfield code="q">siglum</subfield>
         <subfield code="2">rism</subfield>
      </datafield>
      <datafield tag="040" ind1=" " ind2=" ">
         <subfield code="a">DE-633</subfield>
         <subfield code="c">DE-633</subfield>
         <subfield code="e">rismg</subfield>
      </datafield>
      <datafield tag="043" ind1=" " ind2=" ">
         <subfield code="c">XA-DE</subfield>
      </datafield>
      <datafield tag="110" ind1="1" ind2=" ">
         <subfield code="a">Bauhaus-Archiv</subfield>
         <subfield code="c">Berlin</subfield>
         <subfield code="g">D-Bba</subfield>
      </datafield>
      <datafield tag="368" ind1=" " ind2=" ">
         <subfield code="a">Institution</subfield>
         <subfield code="a">Library</subfield>
         <subfield code="a">Archive</subfield>
      </datafield>
      <datafield tag="371" ind1=" " ind2=" ">
         <subfield code="a">Knesebeckstr. 1–2</subfield>
         <subfield code="a">"temporary bauhaus-archiv"</subfield>
         <subfield code="b">Berlin-Charlottenburg</subfield>
         <subfield code="d">Germany</subfield>
         <subfield code="e">10623</subfield>
         <subfield code="m">bauhaus@bauhaus.de</subfield>
         <subfield code="u">https://www.bauhaus.de/de/</subfield>
         <subfield code="z">tel: +49 / (0)30 / 254002-07</subfield>
         <subfield code="z">fax: +49 / (0)30 / 254002-10</subfield>
      </datafield>
      <datafield tag="551" ind1="1" ind2=" ">
         <subfield code="a">Berlin</subfield>
         <subfield code="0">places/3900054</subfield>
      </datafield>
      <datafield tag="680" ind1="1" ind2=" ">
         <subfield code="a">Interim für die Zeit des Umbaus.</subfield>
      </datafield>
      <datafield tag="680" ind1="1" ind2=" ">
         <subfield code="a">Temporary address for the time of the reconstruction.</subfield>
      </datafield>
   </record>