
   <record>
      <leader>00000nz  a2200000nc 4500</leader>
      <controlfield tag="001">institutions/30000657</controlfield>
      <controlfield tag="003">DE-633</controlfield>
      <controlfield tag="005">20250620051957.0</controlfield>
      <controlfield tag="008">161109||||z|||a|||||||||||||||||n||||||d</controlfield>
      <datafield tag="024" ind1="7" ind2=" ">
         <subfield code="a">DE-B710</subfield>
         <subfield code="2">ISIL</subfield>
      </datafield>
      <datafield tag="024" ind1="7" ind2=" ">
         <subfield code="a">26159032658601181601</subfield>
         <subfield code="2">VIAF</subfield>
      </datafield>
      <datafield tag="024" ind1="7" ind2=" ">
         <subfield code="a">Q28681431</subfield>
         <subfield code="2">WKP</subfield>
      </datafield>
      <datafield tag="024" ind1="7" ind2=" ">
         <subfield code="a">D-Bch</subfield>
         <subfield code="q">siglum</subfield>
         <subfield code="2">rism</subfield>
      </datafield>
      <datafield tag="034" ind1="1" ind2=" ">
         <subfield code="d">13.308663897466959</subfield>
         <subfield code="f">52.51706400083003</subfield>
      </datafield>
      <datafield tag="040" ind1=" " ind2=" ">
         <subfield code="a">DE-633</subfield>
         <subfield code="c">DE-633</subfield>
         <subfield code="e">rismg</subfield>
      </datafield>
      <datafield tag="043" ind1=" " ind2=" ">
         <subfield code="c">XA-DE</subfield>
      </datafield>
      <datafield tag="110" ind1="1" ind2=" ">
         <subfield code="a">Stadtbibliothek Charlottenburg-Wilmersdorf, Bezirkszentralbibliothek Heinrich-Schulz-Bibliothek mit Musikbibliothek</subfield>
         <subfield code="c">Berlin</subfield>
         <subfield code="g">D-Bch</subfield>
      </datafield>
      <datafield tag="368" ind1=" " ind2=" ">
         <subfield code="a">Institution</subfield>
         <subfield code="a">Library</subfield>
      </datafield>
      <datafield tag="371" ind1=" " ind2=" ">
         <subfield code="a">Rathaus Charlottenburg</subfield>
         <subfield code="a">Otto-Suhr-Allee 98</subfield>
         <subfield code="b">Berlin</subfield>
         <subfield code="d">Germany</subfield>
         <subfield code="e">10585</subfield>
         <subfield code="u">https://www.berlin.de/ba-charlottenburg-wilmersdorf/verwaltung/aemter/weiterbildung-und-kultur/stadtbibliothek/heinrichschulzbibliothek-203398.php</subfield>
         <subfield code="z">tel: +49 / (0)30 / 902912205</subfield>
         <subfield code="z">fax: +49 / (0)30 / 902912905</subfield>
      </datafield>
      <datafield tag="410" ind1=" " ind2=" ">
         <subfield code="a">Musikbücherei Charlottenburg</subfield>
      </datafield>
      <datafield tag="410" ind1=" " ind2=" ">
         <subfield code="a">Musikbibliothek Charlottenburg</subfield>
      </datafield>
      <datafield tag="551" ind1="1" ind2=" ">
         <subfield code="a">Berlin</subfield>
         <subfield code="0">places/3900054</subfield>
      </datafield>
      <datafield tag="680" ind1="1" ind2=" ">
         <subfield code="a">2012 wurde die Musikbibliothek Charlottenburg der Heinrich-Schulz-Bibliothek angegliedert.</subfield>
      </datafield>
   </record>