
   <record>
      <leader>00000nz  a2200000nc 4500</leader>
      <controlfield tag="001">institutions/30003253</controlfield>
      <controlfield tag="003">DE-633</controlfield>
      <controlfield tag="005">20250620052019.0</controlfield>
      <controlfield tag="008">161109||||z|||a|||||||||||||||||n||||||d</controlfield>
      <datafield tag="024" ind1="7" ind2=" ">
         <subfield code="a">2015876-2</subfield>
         <subfield code="2">DNB</subfield>
      </datafield>
      <datafield tag="024" ind1="7" ind2=" ">
         <subfield code="a">DE-2205</subfield>
         <subfield code="2">ISIL</subfield>
      </datafield>
      <datafield tag="024" ind1="7" ind2=" ">
         <subfield code="a">D-Bda</subfield>
         <subfield code="q">siglum</subfield>
         <subfield code="2">rism</subfield>
      </datafield>
      <datafield tag="034" ind1="1" ind2=" ">
         <subfield code="d">13.379890</subfield>
         <subfield code="f">52.528177</subfield>
      </datafield>
      <datafield tag="040" ind1=" " ind2=" ">
         <subfield code="a">DE-633</subfield>
         <subfield code="c">DE-633</subfield>
         <subfield code="e">rismg</subfield>
      </datafield>
      <datafield tag="043" ind1=" " ind2=" ">
         <subfield code="c">XA-DE</subfield>
      </datafield>
      <datafield tag="110" ind1="1" ind2=" ">
         <subfield code="a">Archiv der Akademie der Künste, Musikarchiv</subfield>
         <subfield code="c">Berlin</subfield>
         <subfield code="g">D-Bda</subfield>
      </datafield>
      <datafield tag="368" ind1=" " ind2=" ">
         <subfield code="a">Institution</subfield>
         <subfield code="a">Library</subfield>
         <subfield code="a">Archive</subfield>
      </datafield>
      <datafield tag="371" ind1=" " ind2=" ">
         <subfield code="a">Robert-Koch-Platz 10</subfield>
         <subfield code="b">Berlin</subfield>
         <subfield code="d">Germany</subfield>
         <subfield code="e">10115</subfield>
         <subfield code="m">deeg@adk.de</subfield>
         <subfield code="u">http://www.adk.de</subfield>
         <subfield code="z">tel: +49 / (0)30 / 200 57-32 63</subfield>
         <subfield code="z">fax: +49 / (0)30 / 200 57-31 02</subfield>
      </datafield>
      <datafield tag="410" ind1=" " ind2=" ">
         <subfield code="a">Stiftung Archiv der Akademie der Künste Berlin-Brandenburg, Abt. Musikarchive</subfield>
      </datafield>
      <datafield tag="410" ind1=" " ind2=" ">
         <subfield code="a">Deutsche Akademie der Künste, Bibliothek und Musikarchive</subfield>
      </datafield>
      <datafield tag="551" ind1="1" ind2=" ">
         <subfield code="a">Berlin</subfield>
         <subfield code="0">places/3900054</subfield>
      </datafield>
      <datafield tag="667" ind1=" " ind2=" ">
         <subfield code="a">Published sources: 1026</subfield>
      </datafield>
      <datafield tag="678" ind1="1" ind2=" ">
         <subfield code="a">Archiv der Deutschen Akademie der Künste, Ost-Berlin (bis 1972); Archiv der Akademie der Künste Berlin (West) (bis 1993); Archiv der Akademie der Künste der DDR (1972-1990); Archiv der Akademie der Künste zu Berlin (1990-1993); Stiftung Archiv der Akademie der Künste Berlin-Brandenburg (1993-2004)</subfield>
      </datafield>
      <datafield tag="680" ind1="1" ind2=" ">
         <subfield code="a">Archivabteilungen: Musik, Literatur, Darstellende Kunst, Bildende Kunst, Baukunst, Film- und Medienkunst, Historisches Archiv; Bertolt-Brecht-Archiv, Walter-Benjamin-Archiv; Kunstsammlung, Medienarchiv, Bibliothek</subfield>
      </datafield>
      <datafield tag="680" ind1="1" ind2=" ">
         <subfield code="a">Seit Januar 2004 mit dem Anton Schoendlinger-Nachlass aus D-BGLidmo.</subfield>
      </datafield>
   </record>