
   <record>
      <leader>00000nz  a2200000nc 4500</leader>
      <controlfield tag="001">institutions/51008813</controlfield>
      <controlfield tag="003">DE-633</controlfield>
      <controlfield tag="005">20250620052325.0</controlfield>
      <controlfield tag="008">250603||||z|||a|||||||||||||||||n||||||d</controlfield>
      <datafield tag="024" ind1="7" ind2=" ">
         <subfield code="a">D-Biya</subfield>
         <subfield code="q">siglum</subfield>
         <subfield code="2">rism</subfield>
      </datafield>
      <datafield tag="034" ind1="1" ind2=" ">
         <subfield code="d">13.137007684693497</subfield>
         <subfield code="f">52.447864090160834</subfield>
      </datafield>
      <datafield tag="040" ind1=" " ind2=" ">
         <subfield code="a">DE-633</subfield>
         <subfield code="b">ger</subfield>
         <subfield code="c">DE-633</subfield>
         <subfield code="e">rismg</subfield>
      </datafield>
      <datafield tag="043" ind1=" " ind2=" ">
         <subfield code="c">XA-DE</subfield>
      </datafield>
      <datafield tag="110" ind1="1" ind2=" ">
         <subfield code="a">Isang Yun-Archiv</subfield>
         <subfield code="c">Berlin</subfield>
         <subfield code="g">D-Biya</subfield>
      </datafield>
      <datafield tag="368" ind1=" " ind2=" ">
         <subfield code="a">Institution</subfield>
         <subfield code="a">Archive</subfield>
         <subfield code="a">Library</subfield>
      </datafield>
      <datafield tag="371" ind1=" " ind2=" ">
         <subfield code="a">Yun-Haus Berlin</subfield>
         <subfield code="a">Sakrower Kirchweg 47</subfield>
         <subfield code="b">Berlin</subfield>
         <subfield code="d">Germany</subfield>
         <subfield code="e">14089</subfield>
         <subfield code="m">office@yun-gesellschaft.de</subfield>
         <subfield code="u">https://yun-gesellschaft.de/yun-haus-berlin/</subfield>
         <subfield code="z">contact: Walter-Wolfgang Sparrer</subfield>
         <subfield code="z">tel: +49 / (0)30 / 873 47 44</subfield>
      </datafield>
      <datafield tag="551" ind1="1" ind2=" ">
         <subfield code="a">Berlin</subfield>
         <subfield code="0">places/3900054</subfield>
      </datafield>
   </record>