
   <record>
      <leader>00000nz  a2200000nc 4500</leader>
      <controlfield tag="001">institutions/51008516</controlfield>
      <controlfield tag="003">DE-633</controlfield>
      <controlfield tag="005">20250620052323.0</controlfield>
      <controlfield tag="008">250204||||z|||a|||||||||||||||||n||||||d</controlfield>
      <datafield tag="024" ind1="7" ind2=" ">
         <subfield code="a">D-Bka</subfield>
         <subfield code="q">siglum</subfield>
         <subfield code="2">rism</subfield>
      </datafield>
      <datafield tag="034" ind1="1" ind2=" ">
         <subfield code="d">13.395119724452801</subfield>
         <subfield code="f">52.52031289479884</subfield>
      </datafield>
      <datafield tag="040" ind1=" " ind2=" ">
         <subfield code="a">DE-633</subfield>
         <subfield code="b">ger</subfield>
         <subfield code="c">DE-633</subfield>
         <subfield code="e">rismg</subfield>
      </datafield>
      <datafield tag="043" ind1=" " ind2=" ">
         <subfield code="c">XA-DE</subfield>
      </datafield>
      <datafield tag="110" ind1="1" ind2=" ">
         <subfield code="a">Korngold-Archiv</subfield>
         <subfield code="c">Berlin</subfield>
         <subfield code="g">D-Bka</subfield>
      </datafield>
      <datafield tag="368" ind1=" " ind2=" ">
         <subfield code="a">Institution</subfield>
         <subfield code="a">Archive</subfield>
         <subfield code="a">Library</subfield>
      </datafield>
      <datafield tag="371" ind1=" " ind2=" ">
         <subfield code="a">Erich Wolfgang Korngold Werkausgabe, Humboldt-Universität zu Berlin, Institut für Musikwissenschaft und Medienwissenschaft, Fachbereich Musikwissenschaft</subfield>
         <subfield code="a">Am Kupfergraben 5</subfield>
         <subfield code="b">Berlin</subfield>
         <subfield code="d">Germany</subfield>
         <subfield code="e">10117</subfield>
         <subfield code="m">arne.stollberg@hu-berlin.de</subfield>
         <subfield code="u">https://www.sammlungen.hu-berlin.de/sammlungen/korngold-archiv/</subfield>
         <subfield code="z">contact: Prof. Dr. Arne Stollberg</subfield>
         <subfield code="z">tel: +49 / (030) / 2093 65812</subfield>
      </datafield>
      <datafield tag="551" ind1="1" ind2=" ">
         <subfield code="a">Berlin</subfield>
         <subfield code="0">places/3900054</subfield>
      </datafield>
      <datafield tag="700" ind1="1" ind2=" ">
         <subfield code="a">Korngold, Erich Wolfgang</subfield>
         <subfield code="d">1897-1957</subfield>
         <subfield code="0">people/34402</subfield>
         <subfield code="4">asn</subfield>
      </datafield>
   </record>