
   <record>
      <leader>00000nz  a2200000nc 4500</leader>
      <controlfield tag="001">institutions/30080535</controlfield>
      <controlfield tag="003">DE-633</controlfield>
      <controlfield tag="005">20250620052131.0</controlfield>
      <controlfield tag="008">161109||||z|||a|||||||||||||||||n||||||d</controlfield>
      <datafield tag="024" ind1="7" ind2=" ">
         <subfield code="a">DE-1</subfield>
         <subfield code="2">ISIL</subfield>
      </datafield>
      <datafield tag="024" ind1="7" ind2=" ">
         <subfield code="a">D-Bsbha</subfield>
         <subfield code="q">siglum</subfield>
         <subfield code="2">rism</subfield>
      </datafield>
      <datafield tag="034" ind1="1" ind2=" ">
         <subfield code="d">13.391361998330419</subfield>
         <subfield code="f">52.51839524767453</subfield>
      </datafield>
      <datafield tag="040" ind1=" " ind2=" ">
         <subfield code="a">DE-633</subfield>
         <subfield code="c">DE-633</subfield>
         <subfield code="e">rismg</subfield>
      </datafield>
      <datafield tag="043" ind1=" " ind2=" ">
         <subfield code="c">XA-DE</subfield>
      </datafield>
      <datafield tag="110" ind1="1" ind2=" ">
         <subfield code="a">Staatsbibliothek zu Berlin - Preußischer Kulturbesitz, Abteilung Handschriften und historische Drucke</subfield>
         <subfield code="c">Berlin</subfield>
         <subfield code="g">D-Bsbha</subfield>
      </datafield>
      <datafield tag="368" ind1=" " ind2=" ">
         <subfield code="a">Institution</subfield>
         <subfield code="a">Library</subfield>
      </datafield>
      <datafield tag="371" ind1=" " ind2=" ">
         <subfield code="a">Unter den Linden 8</subfield>
         <subfield code="b">10117 Berlin</subfield>
         <subfield code="d">Germany</subfield>
         <subfield code="m">hhd@sbb-spk-berlin.de</subfield>
         <subfield code="u">https://staatsbibliothek-berlin.de/die-staatsbibliothek/abteilungen/handschriften-und-historische-drucke</subfield>
         <subfield code="z">tel: +49 / (0)30 / 266 435001</subfield>
      </datafield>
      <datafield tag="410" ind1=" " ind2=" ">
         <subfield code="a">Staatsbibliothek zu Berlin - Preußischer Kulturbesitz, Handschriftenabteilung</subfield>
      </datafield>
      <datafield tag="551" ind1="1" ind2=" ">
         <subfield code="a">Berlin</subfield>
         <subfield code="0">places/3900054</subfield>
      </datafield>
      <datafield tag="667" ind1=" " ind2=" ">
         <subfield code="a">Published sources: 44</subfield>
      </datafield>
   </record>