
   <record>
      <leader>00000nz  a2200000nc 4500</leader>
      <controlfield tag="001">institutions/30004139</controlfield>
      <controlfield tag="003">DE-633</controlfield>
      <controlfield tag="005">20250620052027.0</controlfield>
      <controlfield tag="008">161109||||z|||a|||||||||||||||||n||||||d</controlfield>
      <datafield tag="024" ind1="7" ind2=" ">
         <subfield code="a">DE-B700</subfield>
         <subfield code="2">ISIL</subfield>
      </datafield>
      <datafield tag="024" ind1="7" ind2=" ">
         <subfield code="a">34159032656101181597</subfield>
         <subfield code="2">VIAF</subfield>
      </datafield>
      <datafield tag="024" ind1="7" ind2=" ">
         <subfield code="a">Q55153376</subfield>
         <subfield code="2">WKP</subfield>
      </datafield>
      <datafield tag="024" ind1="7" ind2=" ">
         <subfield code="a">D-Bsn</subfield>
         <subfield code="q">siglum</subfield>
         <subfield code="2">rism</subfield>
      </datafield>
      <datafield tag="034" ind1="1" ind2=" ">
         <subfield code="d">13.432719397161277</subfield>
         <subfield code="f">52.48201160410986</subfield>
      </datafield>
      <datafield tag="040" ind1=" " ind2=" ">
         <subfield code="a">DE-633</subfield>
         <subfield code="c">DE-633</subfield>
         <subfield code="e">rismg</subfield>
      </datafield>
      <datafield tag="043" ind1=" " ind2=" ">
         <subfield code="c">XA-DE</subfield>
      </datafield>
      <datafield tag="110" ind1="1" ind2=" ">
         <subfield code="a">Helene-Nathan-Bibliothek, Musikbibliothek</subfield>
         <subfield code="c">Berlin</subfield>
         <subfield code="g">D-Bsn</subfield>
      </datafield>
      <datafield tag="368" ind1=" " ind2=" ">
         <subfield code="a">Institution</subfield>
         <subfield code="a">Library</subfield>
      </datafield>
      <datafield tag="371" ind1=" " ind2=" ">
         <subfield code="a">Karl-Marx-Str. 66</subfield>
         <subfield code="b">Berlin</subfield>
         <subfield code="d">Germany</subfield>
         <subfield code="e">12043</subfield>
         <subfield code="u">https://www.berlin.de/stadtbibliothek-neukoelln/bibliotheken/bezirkszentralbibliothek-helene-nathan-bibliothek/</subfield>
         <subfield code="z">tel: +49 / (0)30 / 90239 4313; 90239 4345</subfield>
         <subfield code="z">fax: +49 / (030) / 90239-4330</subfield>
      </datafield>
      <datafield tag="410" ind1=" " ind2=" ">
         <subfield code="a">Stadtbücherei Berlin-Neukölln, Musikbücherei</subfield>
      </datafield>
      <datafield tag="551" ind1="1" ind2=" ">
         <subfield code="a">Berlin</subfield>
         <subfield code="0">places/3900054</subfield>
      </datafield>
   </record>