
   <record>
      <leader>00000nz  a2200000nc 4500</leader>
      <controlfield tag="001">institutions/30077754</controlfield>
      <controlfield tag="003">DE-633</controlfield>
      <controlfield tag="005">20250620052116.0</controlfield>
      <controlfield tag="008">161109||||z|||a|||||||||||||||||n||||||d</controlfield>
      <datafield tag="024" ind1="7" ind2=" ">
         <subfield code="a">12159032674501182021</subfield>
         <subfield code="2">VIAF</subfield>
      </datafield>
      <datafield tag="024" ind1="7" ind2=" ">
         <subfield code="a">D-Bstm</subfield>
         <subfield code="q">siglum</subfield>
         <subfield code="2">rism</subfield>
      </datafield>
      <datafield tag="034" ind1="1" ind2=" ">
         <subfield code="d">13.412094247198457</subfield>
         <subfield code="f">52.517325899559864</subfield>
      </datafield>
      <datafield tag="040" ind1=" " ind2=" ">
         <subfield code="a">DE-633</subfield>
         <subfield code="c">DE-633</subfield>
         <subfield code="e">rismg</subfield>
      </datafield>
      <datafield tag="043" ind1=" " ind2=" ">
         <subfield code="c">XA-DE</subfield>
      </datafield>
      <datafield tag="110" ind1="1" ind2=" ">
         <subfield code="a">Standesamt Mitte</subfield>
         <subfield code="c">Berlin</subfield>
         <subfield code="g">D-Bstm</subfield>
      </datafield>
      <datafield tag="368" ind1=" " ind2=" ">
         <subfield code="a">Institution</subfield>
         <subfield code="a">Library</subfield>
      </datafield>
      <datafield tag="371" ind1=" " ind2=" ">
         <subfield code="a">Parochialstr. 3</subfield>
         <subfield code="b">Berlin</subfield>
         <subfield code="d">Germany</subfield>
         <subfield code="e">10179</subfield>
         <subfield code="u">https://www.berlin.de/ba-mitte/politik-und-verwaltung/aemter/amt-fuer-buergerdienste/standesamt/</subfield>
         <subfield code="z">tel: +49 / (0)30 / 115</subfield>
         <subfield code="z">fax: +49 / (0)30 / 9018-24353</subfield>
      </datafield>
      <datafield tag="551" ind1="1" ind2=" ">
         <subfield code="a">Berlin</subfield>
         <subfield code="0">places/3900054</subfield>
      </datafield>
   </record>