
   <record>
      <leader>00000nz  a2200000nc 4500</leader>
      <controlfield tag="001">institutions/51003236</controlfield>
      <controlfield tag="003">DE-633</controlfield>
      <controlfield tag="005">20250620052249.0</controlfield>
      <controlfield tag="008">190903||||z|||a|||||||||||||||||n||||||d</controlfield>
      <datafield tag="024" ind1="7" ind2=" ">
         <subfield code="a">D-Buahu</subfield>
         <subfield code="q">siglum</subfield>
         <subfield code="2">rism</subfield>
      </datafield>
      <datafield tag="034" ind1="1" ind2=" ">
         <subfield code="d">13.533855</subfield>
         <subfield code="f">52.437876</subfield>
      </datafield>
      <datafield tag="040" ind1=" " ind2=" ">
         <subfield code="a">DE-633</subfield>
         <subfield code="c">DE-633</subfield>
         <subfield code="e">rismg</subfield>
      </datafield>
      <datafield tag="043" ind1=" " ind2=" ">
         <subfield code="c">XA-DE</subfield>
      </datafield>
      <datafield tag="110" ind1="1" ind2=" ">
         <subfield code="a">Universitätsarchiv der Humboldt-Universität zu Berlin</subfield>
         <subfield code="c">Berlin</subfield>
         <subfield code="g">D-Buahu</subfield>
      </datafield>
      <datafield tag="368" ind1=" " ind2=" ">
         <subfield code="a">Institution</subfield>
         <subfield code="a">Library</subfield>
         <subfield code="a">Archive</subfield>
      </datafield>
      <datafield tag="371" ind1=" " ind2=" ">
         <subfield code="a">Wagner-Régeny-Straße 5</subfield>
         <subfield code="b">Berlin</subfield>
         <subfield code="d">Germany</subfield>
         <subfield code="e">12489</subfield>
         <subfield code="m">archiv@ub.hu-berlin.de</subfield>
         <subfield code="u">https://www.ub.hu-berlin.de/de/standorte/archiv</subfield>
         <subfield code="z">tel: +49 / (0)30 / 2093-99742</subfield>
         <subfield code="z">fax: +49 / (0)30 / 2093-99743</subfield>
      </datafield>
      <datafield tag="551" ind1="1" ind2=" ">
         <subfield code="a">Berlin</subfield>
         <subfield code="0">places/3900054</subfield>
      </datafield>
   </record>