
   <record>
      <leader>00000nz  a2200000nc 4500</leader>
      <controlfield tag="001">institutions/51007899</controlfield>
      <controlfield tag="003">DE-633</controlfield>
      <controlfield tag="005">20250620052318.0</controlfield>
      <controlfield tag="008">240422||||z|||a|||||||||||||||||n||||||d</controlfield>
      <datafield tag="024" ind1="7" ind2=" ">
         <subfield code="a">Q2316162</subfield>
         <subfield code="2">WKP</subfield>
      </datafield>
      <datafield tag="024" ind1="7" ind2=" ">
         <subfield code="a">4447660-7</subfield>
         <subfield code="2">DNB</subfield>
      </datafield>
      <datafield tag="024" ind1="7" ind2=" ">
         <subfield code="a">D-CUXstj</subfield>
         <subfield code="q">siglum</subfield>
         <subfield code="2">rism</subfield>
      </datafield>
      <datafield tag="034" ind1="1" ind2=" ">
         <subfield code="d">8.758254398692882</subfield>
         <subfield code="f">53.799187615754754</subfield>
      </datafield>
      <datafield tag="040" ind1=" " ind2=" ">
         <subfield code="a">DE-633</subfield>
         <subfield code="c">DE-633</subfield>
         <subfield code="e">rismg</subfield>
      </datafield>
      <datafield tag="043" ind1=" " ind2=" ">
         <subfield code="c">XA-DE</subfield>
      </datafield>
      <datafield tag="110" ind1="1" ind2=" ">
         <subfield code="a">Ev.-luth. Kirchengemeinde Lüdingworth / St. Jacobi d. Ä.</subfield>
         <subfield code="c">Cuxhaven-Lüdingworth</subfield>
         <subfield code="g">D-CUXstj</subfield>
      </datafield>
      <datafield tag="368" ind1=" " ind2=" ">
         <subfield code="a">Institution</subfield>
         <subfield code="a">Library</subfield>
         <subfield code="a">Other</subfield>
      </datafield>
      <datafield tag="371" ind1=" " ind2=" ">
         <subfield code="a">Liebfrauentrift 11</subfield>
         <subfield code="b">Cuxhaven</subfield>
         <subfield code="c">Niedersachsen</subfield>
         <subfield code="d">Germany</subfield>
         <subfield code="e">27478</subfield>
         <subfield code="m">KG.Luedingworth@evlka.de</subfield>
         <subfield code="u">https://www.kk-ch.de/gemeinden/luedingworth/</subfield>
         <subfield code="z">tel: +49 / (0)4724 / 1770</subfield>
         <subfield code="z">fax: +49 / (0)4724 / 818388</subfield>
      </datafield>
      <datafield tag="551" ind1="1" ind2=" ">
         <subfield code="a">Cuxhaven</subfield>
         <subfield code="0">places/3902397</subfield>
      </datafield>
      <datafield tag="551" ind1="1" ind2=" ">
         <subfield code="a">Lüdingworth</subfield>
         <subfield code="0">places/50020844</subfield>
      </datafield>
   </record>