
   <record>
      <leader>00000nz  a2200000nc 4500</leader>
      <controlfield tag="001">institutions/30003782</controlfield>
      <controlfield tag="003">DE-633</controlfield>
      <controlfield tag="005">20250620052024.0</controlfield>
      <controlfield tag="008">161109||||z|||a|||||||||||||||||n||||||d</controlfield>
      <datafield tag="024" ind1="7" ind2=" ">
         <subfield code="a">33159032794901182823</subfield>
         <subfield code="2">VIAF</subfield>
      </datafield>
      <datafield tag="024" ind1="7" ind2=" ">
         <subfield code="a">D-DESp</subfield>
         <subfield code="q">siglum</subfield>
         <subfield code="2">rism</subfield>
      </datafield>
      <datafield tag="034" ind1="1" ind2=" ">
         <subfield code="d">11.385982363707486</subfield>
         <subfield code="f">51.00140646876184</subfield>
      </datafield>
      <datafield tag="040" ind1=" " ind2=" ">
         <subfield code="a">DE-633</subfield>
         <subfield code="c">DE-633</subfield>
         <subfield code="e">rismg</subfield>
      </datafield>
      <datafield tag="043" ind1=" " ind2=" ">
         <subfield code="c">XA-DE</subfield>
      </datafield>
      <datafield tag="110" ind1="1" ind2=" ">
         <subfield code="a">Evangelische Kirchengemeinde Denstedt, Pfarrarchiv</subfield>
         <subfield code="c">Denstedt</subfield>
         <subfield code="g">D-DESp</subfield>
      </datafield>
      <datafield tag="368" ind1=" " ind2=" ">
         <subfield code="a">Institution</subfield>
         <subfield code="a">Archive</subfield>
         <subfield code="a">Library</subfield>
      </datafield>
      <datafield tag="371" ind1=" " ind2=" ">
         <subfield code="a">Karl-Marx Str.</subfield>
         <subfield code="b">Denstedt</subfield>
         <subfield code="c">Thüringen</subfield>
         <subfield code="d">Germany</subfield>
         <subfield code="e">99441</subfield>
         <subfield code="m">marcus.victor@ekmd.de</subfield>
         <subfield code="u">https://www.ekmd.de/kirche/kirchenkreise/weimar/oberweimar-ehringsdorf/oberweimar-ehringsdorf/kirche-denstedt/</subfield>
         <subfield code="u">https://weimar-evangelisch.de/gemeinde-kirchen/kirchen-in-weimar/denstedt/</subfield>
         <subfield code="z">contact: Pfarrer Marcus Victor</subfield>
         <subfield code="z">tel: +49 / (0)3643 / 511015</subfield>
      </datafield>
      <datafield tag="551" ind1="1" ind2=" ">
         <subfield code="a">Denstedt</subfield>
         <subfield code="0">places/50016613</subfield>
      </datafield>
      <datafield tag="667" ind1=" " ind2=" ">
         <subfield code="a">Published sources: 1</subfield>
      </datafield>
   </record>