
   <record>
      <leader>00000nz  a2200000nc 4500</leader>
      <controlfield tag="001">institutions/51009006</controlfield>
      <controlfield tag="003">DE-633</controlfield>
      <controlfield tag="005">20250826080914.0</controlfield>
      <controlfield tag="008">250826||||z|||a|||||||||||||||||n||||||d</controlfield>
      <datafield tag="024" ind1="7" ind2=" ">
         <subfield code="a">D-DEaelk</subfield>
         <subfield code="q">siglum</subfield>
         <subfield code="2">rism</subfield>
      </datafield>
      <datafield tag="034" ind1="1" ind2=" ">
         <subfield code="d">12.239336499276726</subfield>
         <subfield code="f">51.82452790207079</subfield>
      </datafield>
      <datafield tag="040" ind1=" " ind2=" ">
         <subfield code="a">DE-633</subfield>
         <subfield code="c">DE-633</subfield>
         <subfield code="e">rismg</subfield>
      </datafield>
      <datafield tag="043" ind1=" " ind2=" ">
         <subfield code="c">XA-DE</subfield>
      </datafield>
      <datafield tag="110" ind1="1" ind2=" ">
         <subfield code="a">Archiv der Evangelischen Landeskirche Anhalts</subfield>
         <subfield code="c">Dessau-Roßlau</subfield>
         <subfield code="g">D-DEaelk</subfield>
      </datafield>
      <datafield tag="368" ind1=" " ind2=" ">
         <subfield code="a">Institution</subfield>
         <subfield code="a">Archive</subfield>
         <subfield code="a">Library</subfield>
      </datafield>
      <datafield tag="371" ind1=" " ind2=" ">
         <subfield code="a">Standort: Pauluskirche</subfield>
         <subfield code="a">Radegaster Straße</subfield>
         <subfield code="b">Dessau-Roßlau</subfield>
         <subfield code="c">Sachsen-Anhalt</subfield>
         <subfield code="d">Germany</subfield>
         <subfield code="e">06842</subfield>
      </datafield>
      <datafield tag="371" ind1=" " ind2=" ">
         <subfield code="a">Postanschrift: Friedrichstraße 22/24</subfield>
         <subfield code="b">Dessau-Roßlau</subfield>
         <subfield code="c">Sachsen-Anhalt</subfield>
         <subfield code="d">Germany</subfield>
         <subfield code="e">06844</subfield>
         <subfield code="m">archiv@kircheanhalt.de</subfield>
         <subfield code="m">jan.brademann@kircheanhalt.de</subfield>
         <subfield code="u">https://www.landeskirche-anhalts.de/arbeitsfelder/archiv</subfield>
         <subfield code="z">contact: Dr. Jan Brademann</subfield>
         <subfield code="z">tel: +49/ (0)340 / 2526-1201 oder -1202</subfield>
      </datafield>
      <datafield tag="551" ind1="1" ind2=" ">
         <subfield code="a">Dessau-Roßlau</subfield>
         <subfield code="0">places/4000018</subfield>
      </datafield>
   </record>