
   <record>
      <leader>00000nz  a2200000nc 4500</leader>
      <controlfield tag="001">institutions/30003659</controlfield>
      <controlfield tag="003">DE-633</controlfield>
      <controlfield tag="005">20250620052023.0</controlfield>
      <controlfield tag="008">161109||||z|||a|||||||||||||||||n||||||d</controlfield>
      <datafield tag="024" ind1="7" ind2=" ">
         <subfield code="a">2011871-5</subfield>
         <subfield code="2">DNB</subfield>
      </datafield>
      <datafield tag="024" ind1="7" ind2=" ">
         <subfield code="a">DE-460</subfield>
         <subfield code="2">ISIL</subfield>
      </datafield>
      <datafield tag="024" ind1="7" ind2=" ">
         <subfield code="a">D-DSsa</subfield>
         <subfield code="q">siglum</subfield>
         <subfield code="2">rism</subfield>
      </datafield>
      <datafield tag="034" ind1="1" ind2=" ">
         <subfield code="d">8.656567</subfield>
         <subfield code="f">49.874628</subfield>
      </datafield>
      <datafield tag="040" ind1=" " ind2=" ">
         <subfield code="a">DE-633</subfield>
         <subfield code="c">DE-633</subfield>
         <subfield code="e">rismg</subfield>
      </datafield>
      <datafield tag="043" ind1=" " ind2=" ">
         <subfield code="c">XA-DE</subfield>
      </datafield>
      <datafield tag="110" ind1="1" ind2=" ">
         <subfield code="a">Hessisches Staatsarchiv (HStAD)</subfield>
         <subfield code="c">Darmstadt</subfield>
         <subfield code="g">D-DSsa</subfield>
      </datafield>
      <datafield tag="368" ind1=" " ind2=" ">
         <subfield code="a">Institution</subfield>
         <subfield code="a">Library</subfield>
      </datafield>
      <datafield tag="371" ind1=" " ind2=" ">
         <subfield code="a">Karolinenplatz 3</subfield>
         <subfield code="b">Darmstadt</subfield>
         <subfield code="c">Hessen</subfield>
         <subfield code="d">Germany</subfield>
         <subfield code="e">64289</subfield>
         <subfield code="m">poststelle@stad.hessen.de</subfield>
         <subfield code="u">https://landesarchiv.hessen.de/dienststellen/hessisches-staatsarchiv-darmstadt</subfield>
         <subfield code="z">tel: +49 / (0)6151 / 16263-00</subfield>
         <subfield code="z">fax: +49 / (0)6151 / 16263-01</subfield>
      </datafield>
      <datafield tag="551" ind1="1" ind2=" ">
         <subfield code="a">Darmstadt</subfield>
         <subfield code="0">places/3900090</subfield>
      </datafield>
      <datafield tag="667" ind1=" " ind2=" ">
         <subfield code="a">Published sources: 10</subfield>
      </datafield>
   </record>