
   <record>
      <leader>00000nz  a2200000nc 4500</leader>
      <controlfield tag="001">institutions/51001790</controlfield>
      <controlfield tag="003">DE-633</controlfield>
      <controlfield tag="005">20250620052241.0</controlfield>
      <controlfield tag="008">180830||||z|||a|||||||||||||||||n||||||d</controlfield>
      <datafield tag="024" ind1="7" ind2=" ">
         <subfield code="a">DE-575</subfield>
         <subfield code="2">ISIL</subfield>
      </datafield>
      <datafield tag="024" ind1="7" ind2=" ">
         <subfield code="a">D-DTbhm</subfield>
         <subfield code="q">siglum</subfield>
         <subfield code="2">rism</subfield>
      </datafield>
      <datafield tag="034" ind1="1" ind2=" ">
         <subfield code="d">8.881257</subfield>
         <subfield code="f">51.930757</subfield>
      </datafield>
      <datafield tag="040" ind1=" " ind2=" ">
         <subfield code="a">DE-633</subfield>
         <subfield code="c">DE-633</subfield>
         <subfield code="e">rismg</subfield>
      </datafield>
      <datafield tag="043" ind1=" " ind2=" ">
         <subfield code="c">XA-DE</subfield>
      </datafield>
      <datafield tag="110" ind1="1" ind2=" ">
         <subfield code="a">Bibliothek der Hochschule für Musik</subfield>
         <subfield code="c">Detmold</subfield>
         <subfield code="g">D-DTbhm</subfield>
      </datafield>
      <datafield tag="368" ind1=" " ind2=" ">
         <subfield code="a">Institution</subfield>
         <subfield code="a">Library</subfield>
      </datafield>
      <datafield tag="371" ind1=" " ind2=" ">
         <subfield code="a">Hornsche Str. 39</subfield>
         <subfield code="b">Detmold</subfield>
         <subfield code="c">Nordrhein-Westfalen</subfield>
         <subfield code="d">Germany</subfield>
         <subfield code="e">32756</subfield>
         <subfield code="m">bibliothek@hfm-detmold.de</subfield>
         <subfield code="u">http://www.hfm-detmold.de/studium/bibliothek/</subfield>
         <subfield code="z">tel: +49 / (0)5231 / 975-707</subfield>
         <subfield code="z">fax: +49 / (0)5231 / 975-721</subfield>
      </datafield>
      <datafield tag="551" ind1="1" ind2=" ">
         <subfield code="a">Detmold</subfield>
         <subfield code="0">places/3900137</subfield>
      </datafield>
      <datafield tag="680" ind1="1" ind2=" ">
         <subfield code="a">Die Bestände der Hochschule für Musik Detmold und des Musikwissenschaftlichen Seminars Detmold/Paderborn sind am Standort in der Hornschen Straße 39 zusammengefasst unter dem Dach des "FORUM Wissenschaft | Bibliothek | Musik".</subfield>
      </datafield>
   </record>