
   <record>
      <leader>00000nz  a2200000nc 4500</leader>
      <controlfield tag="001">institutions/30006483</controlfield>
      <controlfield tag="003">DE-633</controlfield>
      <controlfield tag="005">20250620052048.0</controlfield>
      <controlfield tag="008">161109||||z|||a|||||||||||||||||n||||||d</controlfield>
      <datafield tag="024" ind1="7" ind2=" ">
         <subfield code="a">DE-2188</subfield>
         <subfield code="2">ISIL</subfield>
      </datafield>
      <datafield tag="024" ind1="7" ind2=" ">
         <subfield code="a">16152626-3</subfield>
         <subfield code="2">DNB</subfield>
      </datafield>
      <datafield tag="024" ind1="7" ind2=" ">
         <subfield code="a">Q1476457</subfield>
         <subfield code="2">WKP</subfield>
      </datafield>
      <datafield tag="024" ind1="7" ind2=" ">
         <subfield code="a">D-DTsta</subfield>
         <subfield code="q">siglum</subfield>
         <subfield code="2">rism</subfield>
      </datafield>
      <datafield tag="034" ind1="1" ind2=" ">
         <subfield code="d">8.88133921347911</subfield>
         <subfield code="f">51.929469684926744</subfield>
      </datafield>
      <datafield tag="040" ind1=" " ind2=" ">
         <subfield code="a">DE-633</subfield>
         <subfield code="c">DE-633</subfield>
         <subfield code="e">rismg</subfield>
      </datafield>
      <datafield tag="043" ind1=" " ind2=" ">
         <subfield code="c">XA-DE</subfield>
      </datafield>
      <datafield tag="110" ind1="1" ind2=" ">
         <subfield code="a">Landesarchiv Nordrhein-Westfalen - Abteilung Ostwestfalen-Lippe</subfield>
         <subfield code="c">Detmold</subfield>
         <subfield code="g">D-DTsta</subfield>
      </datafield>
      <datafield tag="368" ind1=" " ind2=" ">
         <subfield code="a">Institution</subfield>
         <subfield code="a">Archive</subfield>
         <subfield code="a">Library</subfield>
      </datafield>
      <datafield tag="371" ind1=" " ind2=" ">
         <subfield code="a">Willi-Hofmann-Str. 2</subfield>
         <subfield code="b">Detmold</subfield>
         <subfield code="c">Nordrhein-Westfalen</subfield>
         <subfield code="d">Germany</subfield>
         <subfield code="e">32756</subfield>
         <subfield code="m">owl@lav.nrw.de</subfield>
         <subfield code="u">https://www.archive.nrw.de/landesarchiv-nrw/landesarchiv-nrw-abteilung-ostwestfalen-lippe-detmold</subfield>
         <subfield code="z">tel: +49 / (0)5231 / 766-0</subfield>
         <subfield code="z">fax: +49 / (0)5231 / 766-114</subfield>
      </datafield>
      <datafield tag="410" ind1=" " ind2=" ">
         <subfield code="a">Staats- und Personenstandsarchiv</subfield>
      </datafield>
      <datafield tag="551" ind1="1" ind2=" ">
         <subfield code="a">Detmold</subfield>
         <subfield code="0">places/3900137</subfield>
      </datafield>
   </record>