
   <record>
      <leader>00000nz  a2200000nc 4500</leader>
      <controlfield tag="001">institutions/51004177</controlfield>
      <controlfield tag="003">DE-633</controlfield>
      <controlfield tag="005">20250620052254.0</controlfield>
      <controlfield tag="008">200722||||z|||a|||||||||||||||||n||||||d</controlfield>
      <datafield tag="024" ind1="7" ind2=" ">
         <subfield code="a">D-Dbls</subfield>
         <subfield code="q">siglum</subfield>
         <subfield code="2">rism</subfield>
      </datafield>
      <datafield tag="040" ind1=" " ind2=" ">
         <subfield code="a">DE-633</subfield>
         <subfield code="c">DE-633</subfield>
         <subfield code="e">rismg</subfield>
      </datafield>
      <datafield tag="043" ind1=" " ind2=" ">
         <subfield code="c">XA-DE</subfield>
      </datafield>
      <datafield tag="110" ind1="1" ind2=" ">
         <subfield code="a">Bibliothek des Ev.-Luth. Landeskirchenamtes Sachsens</subfield>
         <subfield code="c">Dresden</subfield>
         <subfield code="g">D-Dbls</subfield>
      </datafield>
      <datafield tag="368" ind1=" " ind2=" ">
         <subfield code="a">Institution</subfield>
         <subfield code="a">Library</subfield>
      </datafield>
      <datafield tag="371" ind1=" " ind2=" ">
         <subfield code="a">Lukasstr. 6</subfield>
         <subfield code="b">Dresden</subfield>
         <subfield code="c">Sachsen</subfield>
         <subfield code="d">Germany</subfield>
         <subfield code="e">01069</subfield>
         <subfield code="m">bibliothek@evlks.de</subfield>
         <subfield code="u">https://www.evlks.de/service/bibliothek-des-landeskirchenamtes/</subfield>
         <subfield code="z">tel: +49 / (0)351 / 4692-360</subfield>
      </datafield>
      <datafield tag="551" ind1="1" ind2=" ">
         <subfield code="a">Dresden</subfield>
         <subfield code="0">places/3900046</subfield>
      </datafield>
      <datafield tag="667" ind1=" " ind2=" ">
         <subfield code="a">Published sources: 172</subfield>
      </datafield>
   </record>