
   <record>
      <leader>00000nz  a2200000nc 4500</leader>
      <controlfield tag="001">institutions/51001798</controlfield>
      <controlfield tag="003">DE-633</controlfield>
      <controlfield tag="005">20250620052241.0</controlfield>
      <controlfield tag="008">180831||||z|||a|||||||||||||||||n||||||d</controlfield>
      <datafield tag="024" ind1="7" ind2=" ">
         <subfield code="a">D-DÖHlb</subfield>
         <subfield code="q">siglum</subfield>
         <subfield code="2">rism</subfield>
      </datafield>
      <datafield tag="034" ind1="1" ind2=" ">
         <subfield code="d">13.648117</subfield>
         <subfield code="f">50.994691</subfield>
      </datafield>
      <datafield tag="040" ind1=" " ind2=" ">
         <subfield code="a">DE-633</subfield>
         <subfield code="c">DE-633</subfield>
         <subfield code="e">rismg</subfield>
      </datafield>
      <datafield tag="043" ind1=" " ind2=" ">
         <subfield code="c">XA-DE</subfield>
      </datafield>
      <datafield tag="110" ind1="1" ind2=" ">
         <subfield code="a">Lutherkirche, Bibliothek</subfield>
         <subfield code="c">Döhlen (Freital)</subfield>
         <subfield code="g">D-DÖHlb</subfield>
      </datafield>
      <datafield tag="368" ind1=" " ind2=" ">
         <subfield code="a">Institution</subfield>
         <subfield code="a">Library</subfield>
      </datafield>
      <datafield tag="371" ind1=" " ind2=" ">
         <subfield code="a">Pfarramt: Lange Straße 13</subfield>
         <subfield code="b">Freital-Döhlen</subfield>
         <subfield code="c">Sachsen</subfield>
         <subfield code="d">Germany</subfield>
         <subfield code="e">01705</subfield>
         <subfield code="m">kg.freital@evlks.de</subfield>
         <subfield code="u">http://www.kirchspiel-freital.de/doehlen/index.htm</subfield>
         <subfield code="z">tel: +49 / (0)351 / 6491384</subfield>
         <subfield code="z">fax: +49 / (0)351 / 64642854</subfield>
      </datafield>
      <datafield tag="551" ind1="1" ind2=" ">
         <subfield code="a">Döhlen (Freital)</subfield>
         <subfield code="0">places/4000086</subfield>
      </datafield>
   </record>