
   <record>
      <leader>00000nz  a2200000nc 4500</leader>
      <controlfield tag="001">institutions/30002751</controlfield>
      <controlfield tag="003">DE-633</controlfield>
      <controlfield tag="005">20250620052015.0</controlfield>
      <controlfield tag="008">161109||||z|||a|||||||||||||||||n||||||d</controlfield>
      <datafield tag="024" ind1=" " ind2=" ">
         <subfield code="a">DE-MUS-215118</subfield>
         <subfield code="2">ISIL</subfield>
      </datafield>
      <datafield tag="024" ind1="7" ind2=" ">
         <subfield code="a">D-EBG</subfield>
         <subfield code="q">siglum</subfield>
         <subfield code="2">rism</subfield>
      </datafield>
      <datafield tag="034" ind1="2" ind2=" ">
         <subfield code="d">8.959787</subfield>
         <subfield code="f">48.214791</subfield>
      </datafield>
      <datafield tag="040" ind1=" " ind2=" ">
         <subfield code="a">DE-633</subfield>
         <subfield code="c">DE-633</subfield>
         <subfield code="e">rismg</subfield>
      </datafield>
      <datafield tag="043" ind1=" " ind2=" ">
         <subfield code="c">XA-DE</subfield>
      </datafield>
      <datafield tag="110" ind1="2" ind2=" ">
         <subfield code="a">Musikhistorische Sammlung Jehle</subfield>
         <subfield code="c">Albstadt-Lautlingen</subfield>
         <subfield code="g">D-EBG</subfield>
      </datafield>
      <datafield tag="368" ind1=" " ind2=" ">
         <subfield code="a">Institution</subfield>
      </datafield>
      <datafield tag="368" ind1=" " ind2=" ">
         <subfield code="a">Library</subfield>
      </datafield>
      <datafield tag="371" ind1=" " ind2=" ">
         <subfield code="a">Musikhistorische Sammlung Jehle, Stauffenberg-Schloss, Am Schloss 1, 72459 Albstadt-Lautlingen, Germany</subfield>
         <subfield code="u">http://www.albstadt.de/museen/musikhistorische</subfield>
      </datafield>
      <datafield tag="410" ind1="2" ind2=" ">
         <subfield code="a">Heimatmuseum Ebingen</subfield>
      </datafield>
      <datafield tag="551" ind1=" " ind2=" ">
         <subfield code="a">Albstadt-Lautlingen</subfield>
         <subfield code="0">places/3903593</subfield>
      </datafield>
      <datafield tag="680" ind1=" " ind2=" ">
         <subfield code="a">Pressemitteilung des Dokumentars Dr. Volker Jehle: Bestandsverzeichnis der Musikhistorischen Sammlung Jehle im Stauffenberg-Schloss Albstadt-Lautlingen.   Volker Jehle lernte man in den 1980er Jahren kennen als Bibliograph und Herausgeber von Wolfgang Hildesheimer und als Gründer des Wolfgang Hildesheimer-Archivs (seit 1993 in der Akademie der Künste Berlin); ab den 1990er Jahren lernte man ihn als Romancier, Erzähler und Drehbuchautor kennen - Details auf seiner Website www.eppler-jehle.de.   Nun - und beinah nebenbei - etwas ganz anderes: in sechs Jahren hat er die Bestände der Musikhistorischen Sammlung Jehle im Stauffenberg-Schloß Albstadt-Lautlingen geordnet, verzeichnet und inventarisiert. Der Sammler war Volker Jehle Vater Martin Friedrich Jehle, der die Sammlung 1970 der Stadt Ebingen (heute Albstadt) verkauft hat. In diesem Monat (Oktober 2013) ist das Verzeichnis der Öffentlichkeit übergeben worden: rund 2600 Seiten.   Nicht als Druckwerk, sondern online, ein PDF-File mit Suchfunktion, und zwar auf der Website der Musikhistorischen Sammlung Jehle innerhalb der Website der Stadt Albstadt, erreichbar unter http://www.albstadt.de/museen/musikhistorische, auch unter www.sammlungjehle.de und international auch unter www.sammlungjehle.com. Man kann im Pdf-File online recherchieren oder das Verzeichnis downloaden und am eigenen PC forschen. Außer allen Instrumenten und Zubehör ist die komplette Bibliothek verzeichnet. Die Bibliothek ist nicht an den internationalen universitären Betrieb incl. Fernleihe angeschlossen, weil sie als Präsenzbibliothek nichts verleiht, außerdem gehören zu den Beständen eben nicht nur Druckwerke (ab dem 16. Jahrhundert), sondern Autographen (von mittelalterlichen Handschriften zu Kompositionen und Briefen etc.), Bild- und Tonmaterial (Gemälde, Fotos, historische Tondokumente etc.), Druckplatten etc., alles exakt nach Titel, Inhalt, Beschreibung, Zustand, gegebenenfalls Geschichte (teils höchst detaillierte Forschungsergebnisse) beschrieben.  Von Interesse sind die Bestände für Instrumentenkundler, Musiker, Musikhistoriker, Musikinstrumentenmuseen, Musikinstrumentenbauer, Firmenhistoriker, Spezialisten für einzelne Komponisten, Sammler etc. Da es sich bei der Musikhistorischen Sammlung Jehle um einen lebendigen Organismus handelt, d. h. ständig in allen Sparten Neuzugänge dazukommen (auch Instrumente), wird das Verzeichnis ständig aktualisiert - die 2. Auflage ist also bereits in Arbeit. Von Zeit zu Zeit soll die neueste Fassung online gestellt werden.</subfield>
      </datafield>
   </record>