
   <record>
      <leader>00000nz  a2200000nc 4500</leader>
      <controlfield tag="001">institutions/51000262</controlfield>
      <controlfield tag="003">DE-633</controlfield>
      <controlfield tag="005">20250620052236.0</controlfield>
      <controlfield tag="008">170424||||z|||a|||||||||||||||||n||||||d</controlfield>
      <datafield tag="024" ind1="7" ind2=" ">
         <subfield code="a">D-EGL</subfield>
         <subfield code="q">siglum</subfield>
         <subfield code="2">rism</subfield>
      </datafield>
      <datafield tag="034" ind1="1" ind2=" ">
         <subfield code="d">9.928729</subfield>
         <subfield code="f">47.662022</subfield>
      </datafield>
      <datafield tag="040" ind1=" " ind2=" ">
         <subfield code="a">DE-633</subfield>
         <subfield code="c">DE-633</subfield>
         <subfield code="e">rismg</subfield>
      </datafield>
      <datafield tag="043" ind1=" " ind2=" ">
         <subfield code="c">XA-DE</subfield>
      </datafield>
      <datafield tag="110" ind1="1" ind2=" ">
         <subfield code="a">Kath. Pfarramt St. Martin, Musiksammlung</subfield>
         <subfield code="c">Eglofs</subfield>
         <subfield code="g">D-EGL</subfield>
      </datafield>
      <datafield tag="368" ind1=" " ind2=" ">
         <subfield code="a">Institution</subfield>
         <subfield code="a">Library</subfield>
      </datafield>
      <datafield tag="371" ind1=" " ind2=" ">
         <subfield code="a">St. Martinsweg 3</subfield>
         <subfield code="b">Eglofs (Argenbühl)</subfield>
         <subfield code="c">Baden-Württemberg</subfield>
         <subfield code="d">Germany</subfield>
         <subfield code="e">88260</subfield>
         <subfield code="z">tel: +49 / (0)7566 / 1516 (Pfarrbüro)</subfield>
         <subfield code="z">tel: +49 / (0)7566 / 1425 (2. Vorsitzender des Kirchengemeinderates Alfons Kempter)</subfield>
      </datafield>
      <datafield tag="551" ind1="1" ind2=" ">
         <subfield code="a">Eglofs</subfield>
         <subfield code="0">places/4000025</subfield>
      </datafield>
      <datafield tag="678" ind1="1" ind2=" ">
         <subfield code="a">http://www-old.eglofs.de/musikmus/Musik/Personen/Hoh.htm</subfield>
      </datafield>
   </record>