
   <record>
      <leader>00000nz  a2200000nc 4500</leader>
      <controlfield tag="001">institutions/30001120</controlfield>
      <controlfield tag="003">DE-633</controlfield>
      <controlfield tag="005">20250620052001.0</controlfield>
      <controlfield tag="008">161109||||z|||a|||||||||||||||||n||||||d</controlfield>
      <datafield tag="024" ind1="7" ind2=" ">
         <subfield code="a">2159032646601181462</subfield>
         <subfield code="2">VIAF</subfield>
      </datafield>
      <datafield tag="024" ind1="7" ind2=" ">
         <subfield code="a">D-EIF</subfield>
         <subfield code="q">siglum</subfield>
         <subfield code="2">rism</subfield>
      </datafield>
      <datafield tag="034" ind1="1" ind2=" ">
         <subfield code="d">11.274502667512472</subfield>
         <subfield code="f">50.71784307164916</subfield>
      </datafield>
      <datafield tag="040" ind1=" " ind2=" ">
         <subfield code="a">DE-633</subfield>
         <subfield code="c">DE-633</subfield>
         <subfield code="e">rismg</subfield>
      </datafield>
      <datafield tag="043" ind1=" " ind2=" ">
         <subfield code="c">XA-DE</subfield>
      </datafield>
      <datafield tag="110" ind1="1" ind2=" ">
         <subfield code="a">Kirchengemeinde Eichfeld, Pfarrarchiv</subfield>
         <subfield code="c">Eichfeld (Rudolstadt)</subfield>
         <subfield code="g">D-EIF</subfield>
      </datafield>
      <datafield tag="368" ind1=" " ind2=" ">
         <subfield code="a">Institution</subfield>
         <subfield code="a">Archive</subfield>
         <subfield code="a">Library</subfield>
      </datafield>
      <datafield tag="371" ind1=" " ind2=" ">
         <subfield code="a">c/o Pfarrbereich Rudolstadt-Volkstedt</subfield>
         <subfield code="a">Breitscheidstr. 76</subfield>
         <subfield code="b">Rudolstadt-Volkstedt</subfield>
         <subfield code="c">Thüringen</subfield>
         <subfield code="d">Germany</subfield>
         <subfield code="e">07407</subfield>
         <subfield code="u">https://www.ekmd.de/kirche/kirchenkreise/rudolstadt-saalfeld/rudolstadt-volkstedt/</subfield>
         <subfield code="u">https://www.ekmd.de/kirche/kirchenkreise/rudolstadt-saalfeld/rudolstadt-volkstedt/eichfeld/ev-dorfkirche-eichfeld/</subfield>
         <subfield code="z">tel: +49 / (0)3672 / 352984</subfield>
         <subfield code="z">fax: +49 / (0)3672 / 314419</subfield>
      </datafield>
      <datafield tag="410" ind1=" " ind2=" ">
         <subfield code="a">Evangelische Dorfkirche Eichfeld, Pfarrarchiv</subfield>
      </datafield>
      <datafield tag="551" ind1="1" ind2=" ">
         <subfield code="a">Eichfeld (Rudolstadt)</subfield>
         <subfield code="0">places/3903088</subfield>
      </datafield>
      <datafield tag="667" ind1=" " ind2=" ">
         <subfield code="a">Published sources: 4</subfield>
      </datafield>
   </record>