
   <record>
      <leader>00000nz  a2200000nc 4500</leader>
      <controlfield tag="001">institutions/51006436</controlfield>
      <controlfield tag="003">DE-633</controlfield>
      <controlfield tag="005">20250620052308.0</controlfield>
      <controlfield tag="008">220517||||z|||a|||||||||||||||||n||||||d</controlfield>
      <datafield tag="024" ind1="7" ind2=" ">
         <subfield code="a">DE-MUS-868519</subfield>
         <subfield code="2">ISIL</subfield>
      </datafield>
      <datafield tag="024" ind1="7" ind2=" ">
         <subfield code="a">2086760-8</subfield>
         <subfield code="2">DNB</subfield>
      </datafield>
      <datafield tag="024" ind1="7" ind2=" ">
         <subfield code="a">Q1351312</subfield>
         <subfield code="2">WKP</subfield>
      </datafield>
      <datafield tag="024" ind1="7" ind2=" ">
         <subfield code="a">D-EIrwm</subfield>
         <subfield code="q">siglum</subfield>
         <subfield code="2">rism</subfield>
      </datafield>
      <datafield tag="034" ind1="1" ind2=" ">
         <subfield code="d">10.319552162695354</subfield>
         <subfield code="f">50.968148003445826</subfield>
      </datafield>
      <datafield tag="040" ind1=" " ind2=" ">
         <subfield code="a">DE-633</subfield>
         <subfield code="c">DE-633</subfield>
         <subfield code="e">rismg</subfield>
      </datafield>
      <datafield tag="043" ind1=" " ind2=" ">
         <subfield code="c">XA-DE</subfield>
      </datafield>
      <datafield tag="110" ind1="1" ind2=" ">
         <subfield code="a">Reuter-Wagner-Museum</subfield>
         <subfield code="c">Eisenach</subfield>
         <subfield code="g">D-EIrwm</subfield>
      </datafield>
      <datafield tag="368" ind1=" " ind2=" ">
         <subfield code="a">Institution</subfield>
         <subfield code="a">Library</subfield>
         <subfield code="a">Museum</subfield>
      </datafield>
      <datafield tag="371" ind1=" " ind2=" ">
         <subfield code="a">Reuterweg 2</subfield>
         <subfield code="b">99817 Eisenach</subfield>
         <subfield code="c">Thüringen</subfield>
         <subfield code="d">Germany</subfield>
         <subfield code="u">https://www.eisenach.de/kultur/museen/wagner-sammlung-eisenach/</subfield>
         <subfield code="z">tel: +49 / (0)3691 / 743-294</subfield>
      </datafield>
      <datafield tag="510" ind1="2" ind2=" ">
         <subfield code="a">Thüringer Museum Eisenach</subfield>
         <subfield code="w">t</subfield>
      </datafield>
      <datafield tag="551" ind1="1" ind2=" ">
         <subfield code="a">Eisenach</subfield>
         <subfield code="0">places/3900865</subfield>
      </datafield>
      <datafield tag="700" ind1="1" ind2=" ">
         <subfield code="a">Reuter, Fritz</subfield>
         <subfield code="d">1810-1874</subfield>
         <subfield code="0">people/30048238</subfield>
         <subfield code="4">asn</subfield>
      </datafield>
      <datafield tag="700" ind1="1" ind2=" ">
         <subfield code="a">Wagner, Richard</subfield>
         <subfield code="d">1813-1883</subfield>
         <subfield code="0">people/111172</subfield>
         <subfield code="4">asn</subfield>
      </datafield>
   </record>