
   <record>
      <leader>00000nz  a2200000nc 4500</leader>
      <controlfield tag="001">institutions/30001124</controlfield>
      <controlfield tag="003">DE-633</controlfield>
      <controlfield tag="005">20250620052001.0</controlfield>
      <controlfield tag="008">161109||||z|||a|||||||||||||||||n||||||d</controlfield>
      <datafield tag="024" ind1="7" ind2=" ">
         <subfield code="a">5159032654001181502</subfield>
         <subfield code="2">VIAF</subfield>
      </datafield>
      <datafield tag="024" ind1="7" ind2=" ">
         <subfield code="a">D-ELX</subfield>
         <subfield code="q">siglum</subfield>
         <subfield code="2">rism</subfield>
      </datafield>
      <datafield tag="034" ind1="1" ind2=" ">
         <subfield code="d">11.05676203868705</subfield>
         <subfield code="f">50.866715942932615</subfield>
      </datafield>
      <datafield tag="040" ind1=" " ind2=" ">
         <subfield code="a">DE-633</subfield>
         <subfield code="c">DE-633</subfield>
         <subfield code="e">rismg</subfield>
      </datafield>
      <datafield tag="043" ind1=" " ind2=" ">
         <subfield code="c">XA-DE</subfield>
      </datafield>
      <datafield tag="110" ind1="1" ind2=" ">
         <subfield code="a">Kirchengemeindeverband Elxleben-Witzleben, Pfarrarchiv</subfield>
         <subfield code="c">Elxleben (Ilm-Kreis)</subfield>
         <subfield code="g">D-ELX</subfield>
      </datafield>
      <datafield tag="368" ind1=" " ind2=" ">
         <subfield code="a">Institution</subfield>
         <subfield code="a">Archive</subfield>
         <subfield code="a">Library</subfield>
      </datafield>
      <datafield tag="371" ind1=" " ind2=" ">
         <subfield code="a">Klostergasse 109</subfield>
         <subfield code="b">Elxleben</subfield>
         <subfield code="c">Thüringen</subfield>
         <subfield code="d">Germany</subfield>
         <subfield code="e">99334</subfield>
         <subfield code="m">elxleben@kirche-arnstadt-ilmenau.de</subfield>
         <subfield code="u">https://www.ekmd.de/kirche/kirchenkreise/arnstadt-ilmenau/elxleben-witzleben/</subfield>
         <subfield code="z">tel: +49 / (0)36200 / 70271</subfield>
         <subfield code="z">fax: +49 / (0)36200 / 64474</subfield>
      </datafield>
      <datafield tag="410" ind1=" " ind2=" ">
         <subfield code="a">Pfarramt Elxleben-Witzleben, Pfarrarchiv</subfield>
      </datafield>
      <datafield tag="551" ind1="1" ind2=" ">
         <subfield code="a">Elxleben (Ilm-Kreis)</subfield>
         <subfield code="0">places/3903091</subfield>
      </datafield>
   </record>