
   <record>
      <leader>00000nz  a2200000nc 4500</leader>
      <controlfield tag="001">institutions/30080448</controlfield>
      <controlfield tag="003">DE-633</controlfield>
      <controlfield tag="005">20250620052131.0</controlfield>
      <controlfield tag="008">161109||||z|||a|||||||||||||||||n||||||d</controlfield>
      <datafield tag="024" ind1="7" ind2=" ">
         <subfield code="a">D-ESrheinfurth</subfield>
         <subfield code="q">siglum</subfield>
         <subfield code="2">rism</subfield>
      </datafield>
      <datafield tag="040" ind1=" " ind2=" ">
         <subfield code="a">DE-633</subfield>
         <subfield code="c">DE-633</subfield>
         <subfield code="e">rismg</subfield>
      </datafield>
      <datafield tag="043" ind1=" " ind2=" ">
         <subfield code="c">XA-DE</subfield>
      </datafield>
      <datafield tag="110" ind1="1" ind2=" ">
         <subfield code="a">Privatbibliothek Dr. Hans Rheinfurth</subfield>
         <subfield code="c">Essen</subfield>
         <subfield code="g">D-ESrheinfurth</subfield>
      </datafield>
      <datafield tag="368" ind1=" " ind2=" ">
         <subfield code="a">Institution</subfield>
         <subfield code="a">Library</subfield>
      </datafield>
      <datafield tag="551" ind1="1" ind2=" ">
         <subfield code="a">Essen</subfield>
         <subfield code="0">places/3900706</subfield>
      </datafield>
      <datafield tag="667" ind1=" " ind2=" ">
         <subfield code="a">Published sources: 1</subfield>
      </datafield>
      <datafield tag="680" ind1="1" ind2=" ">
         <subfield code="a">Die Sammlung wird zur Zeit vom Musikantiquariat Wolfgang Stöger veräußert.</subfield>
      </datafield>
      <datafield tag="700" ind1="1" ind2=" ">
         <subfield code="a">Rheinfurth, Hans</subfield>
         <subfield code="d">1943-2023</subfield>
         <subfield code="0">people/30028405</subfield>
         <subfield code="4">asn</subfield>
      </datafield>
      <datafield tag="856" ind1="1" ind2=" ">
         <subfield code="u">https://rism.info/de/new_at_rism/2025/05/15/private-collections-and-libraries-1.html</subfield>
         <subfield code="z">Siehe die RISM News über Privatsammlungen und -bibliotheken</subfield>
      </datafield>
   </record>