
   <record>
      <leader>00000nz  a2200000nc 4500</leader>
      <controlfield tag="001">institutions/30003785</controlfield>
      <controlfield tag="003">DE-633</controlfield>
      <controlfield tag="005">20250620052024.0</controlfield>
      <controlfield tag="008">161109||||z|||a|||||||||||||||||n||||||d</controlfield>
      <datafield tag="024" ind1="7" ind2=" ">
         <subfield code="a">D-ETZp</subfield>
         <subfield code="q">siglum</subfield>
         <subfield code="2">rism</subfield>
      </datafield>
      <datafield tag="034" ind1="2" ind2=" ">
         <subfield code="d">11.173944</subfield>
         <subfield code="f">51.261593</subfield>
      </datafield>
      <datafield tag="040" ind1=" " ind2=" ">
         <subfield code="a">DE-633</subfield>
         <subfield code="c">DE-633</subfield>
         <subfield code="e">rismg</subfield>
      </datafield>
      <datafield tag="043" ind1=" " ind2=" ">
         <subfield code="c">XA-DE</subfield>
      </datafield>
      <datafield tag="110" ind1="2" ind2=" ">
         <subfield code="a">Evangelische Regionalgemeinde Kindelbrück, Kirchengemeinde Etzleben, Pfarrarchiv</subfield>
         <subfield code="c">Etzleben</subfield>
         <subfield code="g">D-ETZp</subfield>
      </datafield>
      <datafield tag="368" ind1=" " ind2=" ">
         <subfield code="a">Library</subfield>
      </datafield>
      <datafield tag="368" ind1=" " ind2=" ">
         <subfield code="a">Institution</subfield>
      </datafield>
      <datafield tag="371" ind1=" " ind2=" ">
         <subfield code="a">Evangelische Regionalgemeinde,  Kindelbrück, Kirchengemeinde Etzleben,,  Pfarrarchiv, Lindenstr. 22, 06577 Etzleben, Germany</subfield>
         <subfield code="u">http://www.evrgkindelbrueck.de/index.php</subfield>
      </datafield>
      <datafield tag="551" ind1=" " ind2=" ">
         <subfield code="a">Etzleben</subfield>
         <subfield code="0">places/3903954</subfield>
      </datafield>
   </record>