
   <record>
      <leader>00000nz  a2200000nc 4500</leader>
      <controlfield tag="001">institutions/30000752</controlfield>
      <controlfield tag="003">DE-633</controlfield>
      <controlfield tag="005">20250620051958.0</controlfield>
      <controlfield tag="008">161109||||z|||a|||||||||||||||||n||||||d</controlfield>
      <datafield tag="024" ind1="7" ind2=" ">
         <subfield code="a">DE-138</subfield>
         <subfield code="2">ISIL</subfield>
      </datafield>
      <datafield tag="024" ind1="7" ind2=" ">
         <subfield code="a">2105480-0</subfield>
         <subfield code="2">DNB</subfield>
      </datafield>
      <datafield tag="024" ind1="7" ind2=" ">
         <subfield code="a">Q1378928</subfield>
         <subfield code="2">WKP</subfield>
      </datafield>
      <datafield tag="024" ind1="7" ind2=" ">
         <subfield code="a">D-EUl</subfield>
         <subfield code="q">siglum</subfield>
         <subfield code="z">D-EU</subfield>
         <subfield code="2">rism</subfield>
      </datafield>
      <datafield tag="034" ind1="1" ind2=" ">
         <subfield code="d">10.618170550435847</subfield>
         <subfield code="f">54.137357014943284</subfield>
      </datafield>
      <datafield tag="040" ind1=" " ind2=" ">
         <subfield code="a">DE-633</subfield>
         <subfield code="c">DE-633</subfield>
         <subfield code="e">rismg</subfield>
      </datafield>
      <datafield tag="043" ind1=" " ind2=" ">
         <subfield code="c">XA-DE</subfield>
      </datafield>
      <datafield tag="110" ind1="1" ind2=" ">
         <subfield code="a">Eutiner Landesbibliothek</subfield>
         <subfield code="c">Eutin</subfield>
         <subfield code="g">D-EUl</subfield>
      </datafield>
      <datafield tag="368" ind1=" " ind2=" ">
         <subfield code="a">Institution</subfield>
         <subfield code="a">Library</subfield>
      </datafield>
      <datafield tag="371" ind1=" " ind2=" ">
         <subfield code="a">Schlossplatz 4</subfield>
         <subfield code="b">Eutin</subfield>
         <subfield code="c">Schleswig-Holstein</subfield>
         <subfield code="d">Germany</subfield>
         <subfield code="e">23701</subfield>
         <subfield code="m">info@lb-eutin.de</subfield>
         <subfield code="u">https://lb-eutin.kreis-oh.de/start</subfield>
         <subfield code="z">tel: +49 / (0)4521 - 788 770</subfield>
         <subfield code="z">fax: +49 / (0)4521 - 788 771</subfield>
      </datafield>
      <datafield tag="410" ind1=" " ind2=" ">
         <subfield code="a">Großherzogliche Öffentliche Bibliothek</subfield>
      </datafield>
      <datafield tag="410" ind1=" " ind2=" ">
         <subfield code="a">Landesbibliothek Eutin</subfield>
      </datafield>
      <datafield tag="410" ind1=" " ind2=" ">
         <subfield code="a">Kreisbibliothek Eutin</subfield>
      </datafield>
      <datafield tag="551" ind1="1" ind2=" ">
         <subfield code="a">Eutin</subfield>
         <subfield code="0">places/3900485</subfield>
      </datafield>
      <datafield tag="667" ind1=" " ind2=" ">
         <subfield code="a">Published sources: 433</subfield>
      </datafield>
      <datafield tag="678" ind1="1" ind2=" ">
         <subfield code="a">1837 Gründung der "Großherzoglichen öffentlichen Bibliothek".</subfield>
      </datafield>
      <datafield tag="678" ind1="1" ind2=" ">
         <subfield code="a">Nach dem Ende der Monarchie 1918 geht die Bibliothek an den Freistaat Oldenburg über und wird in "Landesbibliothek Eutin" umbenannt.</subfield>
      </datafield>
      <datafield tag="678" ind1="1" ind2=" ">
         <subfield code="a">Die 1936 gegründete "Abteilung Volksbücherei" der Landesbibliothek wird nach dem Krieg 1946 unter dem Namen "Kreisbibliothek Eutin" wieder eröffnet, der historische Altbestand wird in ihr als "Abteilung Landesbibliothek" weitergeführt.</subfield>
      </datafield>
      <datafield tag="678" ind1="1" ind2=" ">
         <subfield code="a">Anlässlich des 150jährigen Bestehens der Bibliothek beschließt das Land Schleswig-Holstein, den Ausbau der historischen Bibliothek finanziell zu unterstützen. 1988 erhält sie den Namen "Eutiner Landesbibliothek".</subfield>
      </datafield>
   </record>