
   <record>
      <leader>00000nz  a2200000nc 4500</leader>
      <controlfield tag="001">institutions/51007913</controlfield>
      <controlfield tag="003">DE-633</controlfield>
      <controlfield tag="005">20250620052318.0</controlfield>
      <controlfield tag="008">240426||||z|||a|||||||||||||||||n||||||d</controlfield>
      <datafield tag="024" ind1="7" ind2=" ">
         <subfield code="a">142161652</subfield>
         <subfield code="2">VIAF</subfield>
      </datafield>
      <datafield tag="024" ind1="7" ind2=" ">
         <subfield code="a">2182821-0</subfield>
         <subfield code="2">DNB</subfield>
      </datafield>
      <datafield tag="024" ind1="7" ind2=" ">
         <subfield code="a">Q1634501</subfield>
         <subfield code="2">WKP</subfield>
      </datafield>
      <datafield tag="024" ind1="7" ind2=" ">
         <subfield code="a">D-FDRobs</subfield>
         <subfield code="q">siglum</subfield>
         <subfield code="2">rism</subfield>
      </datafield>
      <datafield tag="034" ind1="1" ind2=" ">
         <subfield code="d">10.341150326352489</subfield>
         <subfield code="f">53.52799477234546</subfield>
      </datafield>
      <datafield tag="040" ind1=" " ind2=" ">
         <subfield code="a">DE-633</subfield>
         <subfield code="c">DE-633</subfield>
         <subfield code="e">rismg</subfield>
      </datafield>
      <datafield tag="043" ind1=" " ind2=" ">
         <subfield code="c">XA-DE</subfield>
      </datafield>
      <datafield tag="110" ind1="1" ind2=" ">
         <subfield code="a">Otto-von-Bismarck-Stiftung, Archiv und Bibliothek</subfield>
         <subfield code="c">Friedrichsruh</subfield>
         <subfield code="g">D-FDRobs</subfield>
      </datafield>
      <datafield tag="368" ind1=" " ind2=" ">
         <subfield code="a">Institution</subfield>
         <subfield code="a">Archive</subfield>
         <subfield code="a">Library</subfield>
      </datafield>
      <datafield tag="371" ind1=" " ind2=" ">
         <subfield code="a">Am Bahnhof 2</subfield>
         <subfield code="b">Friedrichsruh</subfield>
         <subfield code="c">Schleswig-Holstein</subfield>
         <subfield code="d">Germany</subfield>
         <subfield code="e">21521</subfield>
         <subfield code="m">info@bismarck-stiftung.de</subfield>
         <subfield code="u">https://www.bismarck-stiftung.de/ausstellungen/archiv-und-bibliothek/</subfield>
         <subfield code="z">tel: +49 / (0)4104 / 977 1-0</subfield>
         <subfield code="z">fax: +49 / (0)4104 / 977 1-14</subfield>
      </datafield>
      <datafield tag="551" ind1="1" ind2=" ">
         <subfield code="a">Friedrichsruh</subfield>
         <subfield code="0">places/50015320</subfield>
      </datafield>
   </record>