
   <record>
      <leader>00000nz  a2200000nc 4500</leader>
      <controlfield tag="001">institutions/51000126</controlfield>
      <controlfield tag="003">DE-633</controlfield>
      <controlfield tag="005">20250620052235.0</controlfield>
      <controlfield tag="008">170127||||z|||a|||||||||||||||||n||||||d</controlfield>
      <datafield tag="024" ind1="7" ind2=" ">
         <subfield code="a">2071658-8</subfield>
         <subfield code="2">DNB</subfield>
      </datafield>
      <datafield tag="024" ind1="7" ind2=" ">
         <subfield code="a">D-FRbg</subfield>
         <subfield code="q">siglum</subfield>
         <subfield code="2">rism</subfield>
      </datafield>
      <datafield tag="034" ind1="1" ind2=" ">
         <subfield code="d">7.875170</subfield>
         <subfield code="f">47.989822</subfield>
      </datafield>
      <datafield tag="040" ind1=" " ind2=" ">
         <subfield code="a">DE-633</subfield>
         <subfield code="c">DE-633</subfield>
         <subfield code="e">rismg</subfield>
      </datafield>
      <datafield tag="043" ind1=" " ind2=" ">
         <subfield code="c">XA-DE</subfield>
      </datafield>
      <datafield tag="110" ind1="1" ind2=" ">
         <subfield code="a">Berthold-Gymnasium</subfield>
         <subfield code="c">Freiburg im Breisgau</subfield>
         <subfield code="g">D-FRbg</subfield>
      </datafield>
      <datafield tag="368" ind1=" " ind2=" ">
         <subfield code="a">Institution</subfield>
         <subfield code="a">Library</subfield>
      </datafield>
      <datafield tag="371" ind1=" " ind2=" ">
         <subfield code="a">Hirzbergstraße 12</subfield>
         <subfield code="b">Freiburg im Breisgau</subfield>
         <subfield code="c">Baden-Württemberg</subfield>
         <subfield code="d">Germany</subfield>
         <subfield code="e">79102</subfield>
         <subfield code="m">sekretariat@berthold-gymnasium.de</subfield>
         <subfield code="u">http://www.berthold-gymnasium.de/</subfield>
         <subfield code="z">tel: +49 / (0)761 / 201 7631</subfield>
         <subfield code="z">fax: +49 / (0)761 / 201 7479</subfield>
      </datafield>
      <datafield tag="551" ind1="1" ind2=" ">
         <subfield code="a">Freiburg im Breisgau</subfield>
         <subfield code="0">places/3900307</subfield>
      </datafield>
   </record>