
   <record>
      <leader>00000nz  a2200000nc 4500</leader>
      <controlfield tag="001">institutions/51005306</controlfield>
      <controlfield tag="003">DE-633</controlfield>
      <controlfield tag="005">20250620052301.0</controlfield>
      <controlfield tag="008">210629||||z|||a|||||||||||||||||n||||||d</controlfield>
      <datafield tag="024" ind1="7" ind2=" ">
         <subfield code="a">DE-Frei145</subfield>
         <subfield code="2">ISIL</subfield>
      </datafield>
      <datafield tag="024" ind1="7" ind2=" ">
         <subfield code="a">168271995</subfield>
         <subfield code="2">VIAF</subfield>
      </datafield>
      <datafield tag="024" ind1="7" ind2=" ">
         <subfield code="a">Q2324714</subfield>
         <subfield code="2">WKP</subfield>
      </datafield>
      <datafield tag="024" ind1="7" ind2=" ">
         <subfield code="a">D-FRstar</subfield>
         <subfield code="q">siglum</subfield>
         <subfield code="2">rism</subfield>
      </datafield>
      <datafield tag="034" ind1="1" ind2=" ">
         <subfield code="d">7.8457589963220755</subfield>
         <subfield code="f">47.99850470001564</subfield>
      </datafield>
      <datafield tag="040" ind1=" " ind2=" ">
         <subfield code="a">DE-633</subfield>
         <subfield code="c">DE-633</subfield>
         <subfield code="e">rismg</subfield>
      </datafield>
      <datafield tag="043" ind1=" " ind2=" ">
         <subfield code="c">XA-DE</subfield>
      </datafield>
      <datafield tag="110" ind1="1" ind2=" ">
         <subfield code="a">Staatsarchiv Freiburg</subfield>
         <subfield code="c">Freiburg im Breisgau</subfield>
         <subfield code="g">D-FRstar</subfield>
      </datafield>
      <datafield tag="368" ind1=" " ind2=" ">
         <subfield code="a">Institution</subfield>
         <subfield code="a">Library</subfield>
         <subfield code="a">Archive</subfield>
      </datafield>
      <datafield tag="371" ind1=" " ind2=" ">
         <subfield code="a">Colombistraße 4</subfield>
         <subfield code="b">Freiburg im Breisgau</subfield>
         <subfield code="c">Baden-Württemberg</subfield>
         <subfield code="d">Germany</subfield>
         <subfield code="e">79098</subfield>
         <subfield code="m">stafreiburg@la-bw.de</subfield>
         <subfield code="u">https://www.landesarchiv-bw.de/de/landesarchiv/standorte/staatsarchiv-freiburg/47231</subfield>
         <subfield code="z">tel: +49 / (0)761 / 38060-0</subfield>
         <subfield code="z">fax: +49 / (0)761 / 38060-13</subfield>
      </datafield>
      <datafield tag="510" ind1="2" ind2=" ">
         <subfield code="a">Landesarchiv Baden-Württemberg</subfield>
      </datafield>
      <datafield tag="551" ind1="1" ind2=" ">
         <subfield code="a">Freiburg im Breisgau</subfield>
         <subfield code="0">places/3900307</subfield>
      </datafield>
   </record>