
   <record>
      <leader>00000nz  a2200000nc 4500</leader>
      <controlfield tag="001">institutions/30003665</controlfield>
      <controlfield tag="003">DE-633</controlfield>
      <controlfield tag="005">20250620052023.0</controlfield>
      <controlfield tag="008">161109||||z|||a|||||||||||||||||n||||||d</controlfield>
      <datafield tag="024" ind1="7" ind2=" ">
         <subfield code="a">D-FTZsa</subfield>
         <subfield code="q">siglum</subfield>
         <subfield code="2">rism</subfield>
      </datafield>
      <datafield tag="040" ind1=" " ind2=" ">
         <subfield code="a">DE-633</subfield>
         <subfield code="c">DE-633</subfield>
         <subfield code="e">rismg</subfield>
      </datafield>
      <datafield tag="043" ind1=" " ind2=" ">
         <subfield code="c">XA-DE</subfield>
      </datafield>
      <datafield tag="110" ind1="2" ind2=" ">
         <subfield code="a">Stiftsbibliothek St. Petri</subfield>
         <subfield code="c">Fritzlar</subfield>
         <subfield code="g">D-FTZsa</subfield>
      </datafield>
      <datafield tag="368" ind1=" " ind2=" ">
         <subfield code="a">Library</subfield>
      </datafield>
      <datafield tag="368" ind1=" " ind2=" ">
         <subfield code="a">Institution</subfield>
      </datafield>
      <datafield tag="410" ind1="2" ind2=" ">
         <subfield code="a">Stiftsarchiv St. Petri</subfield>
      </datafield>
      <datafield tag="551" ind1=" " ind2=" ">
         <subfield code="a">Fritzlar</subfield>
         <subfield code="0">places/3903169</subfield>
      </datafield>
      <datafield tag="580" ind1=" " ind2=" ">
         <subfield code="x">D-FTZd</subfield>
         <subfield code="0">institutions/30001324</subfield>
      </datafield>
      <datafield tag="680" ind1=" " ind2=" ">
         <subfield code="a">Teile der ehemaligen Stiftsbibliothek in D-FTZd.</subfield>
      </datafield>
   </record>