
   <record>
      <leader>00000nz  a2200000nc 4500</leader>
      <controlfield tag="001">institutions/51008548</controlfield>
      <controlfield tag="003">DE-633</controlfield>
      <controlfield tag="005">20250620052323.0</controlfield>
      <controlfield tag="008">250220||||z|||a|||||||||||||||||n||||||d</controlfield>
      <datafield tag="024" ind1="7" ind2=" ">
         <subfield code="a">137309514</subfield>
         <subfield code="2">VIAF</subfield>
      </datafield>
      <datafield tag="024" ind1="7" ind2=" ">
         <subfield code="a">2113997-0</subfield>
         <subfield code="2">DNB</subfield>
      </datafield>
      <datafield tag="024" ind1="7" ind2=" ">
         <subfield code="a">D-Fa</subfield>
         <subfield code="q">siglum</subfield>
         <subfield code="2">rism</subfield>
      </datafield>
      <datafield tag="034" ind1="1" ind2=" ">
         <subfield code="d">8.653790104675737</subfield>
         <subfield code="f">50.118420906657974</subfield>
      </datafield>
      <datafield tag="040" ind1=" " ind2=" ">
         <subfield code="a">DE-633</subfield>
         <subfield code="b">ger</subfield>
         <subfield code="c">DE-633</subfield>
         <subfield code="e">rismg</subfield>
      </datafield>
      <datafield tag="043" ind1=" " ind2=" ">
         <subfield code="c">XA-DE</subfield>
      </datafield>
      <datafield tag="110" ind1="1" ind2=" ">
         <subfield code="a">Adorno Archiv</subfield>
         <subfield code="c">Frankfurt am Main</subfield>
         <subfield code="g">D-Fa</subfield>
      </datafield>
      <datafield tag="368" ind1=" " ind2=" ">
         <subfield code="a">Institution</subfield>
         <subfield code="a">Archive</subfield>
         <subfield code="a">Library</subfield>
      </datafield>
      <datafield tag="371" ind1=" " ind2=" ">
         <subfield code="a">Institut für Sozialforschung</subfield>
         <subfield code="a">Senckenberganlage 26</subfield>
         <subfield code="b">Frankfurt am Main</subfield>
         <subfield code="c">Hessen</subfield>
         <subfield code="d">Germany</subfield>
         <subfield code="e">60325</subfield>
         <subfield code="m">schwarz@adk.de</subfield>
         <subfield code="m">gelhard@em.uni-frankfurt.de</subfield>
         <subfield code="u">https://www.ifs.uni-frankfurt.de/adorno-archiv.html</subfield>
         <subfield code="z">contact: Michael Schwarz; Maischa Gelhard</subfield>
         <subfield code="z">tel: +49 / (0)30 / 20057 - 4061</subfield>
         <subfield code="z">tel: +49 / (0)69 / 75 61 83 – 21</subfield>
      </datafield>
      <datafield tag="410" ind1=" " ind2=" ">
         <subfield code="a">Adorno-Archiv</subfield>
      </datafield>
      <datafield tag="410" ind1=" " ind2=" ">
         <subfield code="a">Theodor W. Adorno Archiv</subfield>
      </datafield>
      <datafield tag="410" ind1=" " ind2=" ">
         <subfield code="a">Theodor-W.-Adorno-Archiv</subfield>
      </datafield>
      <datafield tag="551" ind1="1" ind2=" ">
         <subfield code="a">Frankfurt am Main</subfield>
         <subfield code="0">places/3900047</subfield>
      </datafield>
      <datafield tag="680" ind1="1" ind2=" ">
         <subfield code="a">Die Archivierung des Nachlasses ist nahezu abgeschlossen. Er wurde vollständig kopiert und digitalisiert und steht in der Berliner Dependance des Adorno Archivs im Walter Benjamin Archiv an der Akademie der Künste den Benutzer:innen zur Einsicht zur Verfügung. Die Originale verbleiben im Frankfurter Adorno Archiv im Institut für Sozialforschung. Sämtliche Anfragen zu Forschungsvorhaben, Materialien, Ausstellungen und Abdruckgenehmigungen sind bitte zu richten an Michael Schwarz, den Leiter des Theodor W. Adorno Archivs.</subfield>
      </datafield>
      <datafield tag="700" ind1="1" ind2=" ">
         <subfield code="a">Adorno, Theodor W.</subfield>
         <subfield code="d">1903-1969</subfield>
         <subfield code="0">people/40200366</subfield>
         <subfield code="4">asn</subfield>
      </datafield>
   </record>