
   <record>
      <leader>00000nz  a2200000nc 4500</leader>
      <controlfield tag="001">institutions/51007005</controlfield>
      <controlfield tag="003">DE-633</controlfield>
      <controlfield tag="005">20250620052312.0</controlfield>
      <controlfield tag="008">230104||||z|||a|||||||||||||||||n||||||d</controlfield>
      <datafield tag="024" ind1="7" ind2=" ">
         <subfield code="a">242593760</subfield>
         <subfield code="2">VIAF</subfield>
      </datafield>
      <datafield tag="024" ind1="7" ind2=" ">
         <subfield code="a">2092237-1</subfield>
         <subfield code="2">DNB</subfield>
      </datafield>
      <datafield tag="024" ind1="7" ind2=" ">
         <subfield code="a">D-GLNbb</subfield>
         <subfield code="q">siglum</subfield>
         <subfield code="2">rism</subfield>
      </datafield>
      <datafield tag="034" ind1="1" ind2=" ">
         <subfield code="d">9.06344293496147</subfield>
         <subfield code="f">48.78597699298117</subfield>
      </datafield>
      <datafield tag="040" ind1=" " ind2=" ">
         <subfield code="a">DE-633</subfield>
         <subfield code="c">DE-633</subfield>
         <subfield code="e">rismg</subfield>
      </datafield>
      <datafield tag="043" ind1=" " ind2=" ">
         <subfield code="c">XA-DE</subfield>
      </datafield>
      <datafield tag="110" ind1="1" ind2=" ">
         <subfield code="a">Brasilien-Bibliothek der Robert Bosch GmbH</subfield>
         <subfield code="c">Gerlingen</subfield>
         <subfield code="g">D-GLNbb</subfield>
      </datafield>
      <datafield tag="368" ind1=" " ind2=" ">
         <subfield code="a">Institution</subfield>
         <subfield code="a">Library</subfield>
      </datafield>
      <datafield tag="371" ind1=" " ind2=" ">
         <subfield code="a">Robert-Bosch-Platz 1</subfield>
         <subfield code="b">70839 Gerlingen</subfield>
         <subfield code="c">Baden-Württemberg</subfield>
         <subfield code="d">Germany</subfield>
         <subfield code="z">tel: +49 / (0)711 / 811-6241</subfield>
         <subfield code="z">fax: +49 / (0)711 / 811-7082</subfield>
      </datafield>
      <datafield tag="371" ind1=" " ind2=" ">
         <subfield code="a">Postal adress: Postfach 10 60 50</subfield>
         <subfield code="b">70049 Stuttgart</subfield>
         <subfield code="d">Germany</subfield>
      </datafield>
      <datafield tag="551" ind1="1" ind2=" ">
         <subfield code="a">Gerlingen</subfield>
         <subfield code="0">places/3900931</subfield>
      </datafield>
      <datafield tag="856" ind1="1" ind2=" ">
         <subfield code="u">https://fabian.sub.uni-goettingen.de/fabian?Brasilien-Bibliothek_Der_Robert_Bosch_GmbH</subfield>
         <subfield code="z">Bestandsbeschreibung online Fabian Handbuch</subfield>
      </datafield>
   </record>