
   <record>
      <leader>00000nz  a2200000nc 4500</leader>
      <controlfield tag="001">institutions/51001709</controlfield>
      <controlfield tag="003">DE-633</controlfield>
      <controlfield tag="005">20250620052240.0</controlfield>
      <controlfield tag="008">180628||||z|||a|||||||||||||||||n||||||d</controlfield>
      <datafield tag="024" ind1="7" ind2=" ">
         <subfield code="a">DE-2336</subfield>
         <subfield code="2">ISIL</subfield>
      </datafield>
      <datafield tag="024" ind1="7" ind2=" ">
         <subfield code="a">Q1486075</subfield>
         <subfield code="2">WKP</subfield>
      </datafield>
      <datafield tag="024" ind1="7" ind2=" ">
         <subfield code="a">D-GRna</subfield>
         <subfield code="q">siglum</subfield>
         <subfield code="2">rism</subfield>
      </datafield>
      <datafield tag="040" ind1=" " ind2=" ">
         <subfield code="a">DE-633</subfield>
         <subfield code="c">DE-633</subfield>
         <subfield code="e">rismg</subfield>
      </datafield>
      <datafield tag="043" ind1=" " ind2=" ">
         <subfield code="c">XA-DE</subfield>
      </datafield>
      <datafield tag="110" ind1="1" ind2=" ">
         <subfield code="a">Landeskirchliches Archiv Greifswald</subfield>
         <subfield code="c">Greifswald</subfield>
         <subfield code="g">D-GRna</subfield>
      </datafield>
      <datafield tag="368" ind1=" " ind2=" ">
         <subfield code="a">Institution</subfield>
         <subfield code="a">Library</subfield>
         <subfield code="a">Archive</subfield>
      </datafield>
      <datafield tag="371" ind1=" " ind2=" ">
         <subfield code="c">Mecklenburg-Vorpommern</subfield>
         <subfield code="d">Germany</subfield>
         <subfield code="u">https://www.archiv-nordkirche.de/landeskirchliches-archiv.html</subfield>
      </datafield>
      <datafield tag="551" ind1="1" ind2=" ">
         <subfield code="a">Greifswald</subfield>
         <subfield code="0">places/3900430</subfield>
      </datafield>
      <datafield tag="680" ind1="1" ind2=" ">
         <subfield code="a">Aus bautechnischen Gründen ist das Archiv zur Zeit geschlossen!</subfield>
      </datafield>
      <datafield tag="680" ind1="1" ind2=" ">
         <subfield code="a">Die Bestände sind auf verschiedene Standorte verteilt. Einige Bestände sind erschlossen und stehen für die Benutzung an den Standorten Schwerin und Kiel zur Verfügung. Der Hauptbestand Konsistorium ist z.B. erschlossen (Metadaten https://portal.archiv-nordkirche.de/actaproweb/welcome.xhtml). Die Kirchenbücher sind zu einem Teil bereits digitalisiert und stehen im Archivportal archion.de zur Verfügung.</subfield>
      </datafield>
      <datafield tag="856" ind1="1" ind2=" ">
         <subfield code="u">https://portal.archiv-nordkirche.de/actaproweb/welcome.xhtml</subfield>
         <subfield code="z">Archivportal der Nordkirche</subfield>
      </datafield>
      <datafield tag="856" ind1="1" ind2=" ">
         <subfield code="u">https://www.archion.de/</subfield>
         <subfield code="z">Kirchenbücher online</subfield>
      </datafield>
   </record>