
   <record>
      <leader>00000nz  a2200000nc 4500</leader>
      <controlfield tag="001">institutions/30000776</controlfield>
      <controlfield tag="003">DE-633</controlfield>
      <controlfield tag="005">20250620051958.0</controlfield>
      <controlfield tag="008">161109||||z|||a|||||||||||||||||n||||||d</controlfield>
      <datafield tag="024" ind1="7" ind2=" ">
         <subfield code="a">DE-7</subfield>
         <subfield code="2">ISIL</subfield>
      </datafield>
      <datafield tag="024" ind1="7" ind2=" ">
         <subfield code="a">139495279</subfield>
         <subfield code="2">VIAF</subfield>
      </datafield>
      <datafield tag="024" ind1="7" ind2=" ">
         <subfield code="a">2020450-4</subfield>
         <subfield code="2">DNB</subfield>
      </datafield>
      <datafield tag="024" ind1="7" ind2=" ">
         <subfield code="a">Q564783</subfield>
         <subfield code="2">WKP</subfield>
      </datafield>
      <datafield tag="024" ind1="7" ind2=" ">
         <subfield code="a">D-Gs</subfield>
         <subfield code="q">siglum</subfield>
         <subfield code="2">rism</subfield>
      </datafield>
      <datafield tag="034" ind1="1" ind2=" ">
         <subfield code="d">9.93601683027564</subfield>
         <subfield code="f">51.53946196422747</subfield>
      </datafield>
      <datafield tag="040" ind1=" " ind2=" ">
         <subfield code="a">DE-633</subfield>
         <subfield code="c">DE-633</subfield>
         <subfield code="e">rismg</subfield>
      </datafield>
      <datafield tag="043" ind1=" " ind2=" ">
         <subfield code="c">XA-DE</subfield>
      </datafield>
      <datafield tag="110" ind1="1" ind2=" ">
         <subfield code="a">Niedersächsische Staats- und Universitätsbibliothek, Zentralbibliothek</subfield>
         <subfield code="c">Göttingen</subfield>
         <subfield code="g">D-Gs</subfield>
      </datafield>
      <datafield tag="368" ind1=" " ind2=" ">
         <subfield code="a">Institution</subfield>
         <subfield code="a">Library</subfield>
      </datafield>
      <datafield tag="371" ind1=" " ind2=" ">
         <subfield code="a">Platz der Göttinger Sieben 1</subfield>
         <subfield code="b">Göttingen</subfield>
         <subfield code="c">Niedersachsen</subfield>
         <subfield code="d">Germany</subfield>
         <subfield code="e">37073</subfield>
         <subfield code="m">information@sub.uni-goettingen.de</subfield>
         <subfield code="u">https://www.sub.uni-goettingen.de/sub-aktuell/</subfield>
         <subfield code="z">tel: +49 / (0)551 / 39-25231</subfield>
      </datafield>
      <datafield tag="410" ind1=" " ind2=" ">
         <subfield code="a">Königliche Universitätsbibliothek</subfield>
      </datafield>
      <datafield tag="410" ind1=" " ind2=" ">
         <subfield code="a">Universitätsbibliothek</subfield>
      </datafield>
      <datafield tag="551" ind1="1" ind2=" ">
         <subfield code="a">Göttingen</subfield>
         <subfield code="0">places/3900112</subfield>
      </datafield>
      <datafield tag="667" ind1=" " ind2=" ">
         <subfield code="a">Published sources: 2477</subfield>
      </datafield>
   </record>