
   <record>
      <leader>00000nz  a2200000nc 4500</leader>
      <controlfield tag="001">institutions/51008327</controlfield>
      <controlfield tag="003">DE-633</controlfield>
      <controlfield tag="005">20250620052321.0</controlfield>
      <controlfield tag="008">241028||||z|||a|||||||||||||||||n||||||d</controlfield>
      <datafield tag="024" ind1="7" ind2=" ">
         <subfield code="a">240747821</subfield>
         <subfield code="2">VIAF</subfield>
      </datafield>
      <datafield tag="024" ind1="7" ind2=" ">
         <subfield code="a">2018520-0</subfield>
         <subfield code="2">DNB</subfield>
      </datafield>
      <datafield tag="024" ind1="7" ind2=" ">
         <subfield code="a">Q109285834</subfield>
         <subfield code="2">WKP</subfield>
      </datafield>
      <datafield tag="024" ind1="7" ind2=" ">
         <subfield code="a">D-GÖra</subfield>
         <subfield code="q">siglum</subfield>
         <subfield code="2">rism</subfield>
      </datafield>
      <datafield tag="034" ind1="1" ind2=" ">
         <subfield code="d">14.990332054666018</subfield>
         <subfield code="f">51.156253033255034</subfield>
      </datafield>
      <datafield tag="040" ind1=" " ind2=" ">
         <subfield code="a">DE-633</subfield>
         <subfield code="c">DE-633</subfield>
         <subfield code="e">rismg</subfield>
      </datafield>
      <datafield tag="043" ind1=" " ind2=" ">
         <subfield code="c">XA-DE</subfield>
      </datafield>
      <datafield tag="110" ind1="1" ind2=" ">
         <subfield code="a">Görlitzer Rats- und Stadtarchiv</subfield>
         <subfield code="c">Görlitz</subfield>
         <subfield code="g">D-GÖra</subfield>
      </datafield>
      <datafield tag="368" ind1=" " ind2=" ">
         <subfield code="a">Institution</subfield>
         <subfield code="a">Archive</subfield>
         <subfield code="a">Library</subfield>
      </datafield>
      <datafield tag="371" ind1=" " ind2=" ">
         <subfield code="a">Untermarkt 6-8</subfield>
         <subfield code="b">Görlitz</subfield>
         <subfield code="c">Sachsen</subfield>
         <subfield code="d">Germany</subfield>
         <subfield code="e">02826</subfield>
         <subfield code="m">ratsarchiv@goerlitz.de</subfield>
         <subfield code="u">https://www.goerlitz.de/aemter/amt/285-Ratsarchiv-Stadtarchiv</subfield>
         <subfield code="u">https://www.goerlitz.de/Goerlitzer_Ratsarchiv.html</subfield>
         <subfield code="z">contact: Siegfried Hoche</subfield>
         <subfield code="z">tel: +49 / (0)3581 / 67-1615</subfield>
         <subfield code="z">fax: +49 / (0)3581 / 405135</subfield>
      </datafield>
      <datafield tag="410" ind1=" " ind2=" ">
         <subfield code="a">Ratsarchiv Görlitz</subfield>
      </datafield>
      <datafield tag="551" ind1="1" ind2=" ">
         <subfield code="a">Görlitz</subfield>
         <subfield code="0">places/3901011</subfield>
      </datafield>
   </record>