
   <record>
      <leader>00000nz  a2200000nc 4500</leader>
      <controlfield tag="001">institutions/51008871</controlfield>
      <controlfield tag="003">DE-633</controlfield>
      <controlfield tag="005">20250701061056.0</controlfield>
      <controlfield tag="008">250630||||z|||a|||||||||||||||||n||||||d</controlfield>
      <datafield tag="024" ind1="7" ind2=" ">
         <subfield code="a">D-HAabk</subfield>
         <subfield code="q">siglum</subfield>
         <subfield code="2">rism</subfield>
      </datafield>
      <datafield tag="034" ind1="1" ind2=" ">
         <subfield code="d">11.9710414789067</subfield>
         <subfield code="f">51.481386511611625</subfield>
      </datafield>
      <datafield tag="040" ind1=" " ind2=" ">
         <subfield code="a">DE-633</subfield>
         <subfield code="c">DE-633</subfield>
         <subfield code="e">rismg</subfield>
      </datafield>
      <datafield tag="043" ind1=" " ind2=" ">
         <subfield code="c">XA-DE</subfield>
      </datafield>
      <datafield tag="110" ind1="1" ind2=" ">
         <subfield code="a">Landesamt für Denkmalpflege und Archäologie Sachsen-Anhalt, Archiv der Bau- und Kunstdenkmalpflege</subfield>
         <subfield code="c">Halle (Saale)</subfield>
         <subfield code="g">D-HAabk</subfield>
      </datafield>
      <datafield tag="368" ind1=" " ind2=" ">
         <subfield code="a">Institution</subfield>
         <subfield code="a">Archive</subfield>
         <subfield code="a">Library</subfield>
      </datafield>
      <datafield tag="371" ind1=" " ind2=" ">
         <subfield code="a">Große Märkerstraße 21/22</subfield>
         <subfield code="b">Halle (Saale)</subfield>
         <subfield code="c">Sachsen-Anhalt</subfield>
         <subfield code="d">Germany</subfield>
         <subfield code="e">06108</subfield>
         <subfield code="m">hknoerich@lda.stk.sachsen-anhalt.de</subfield>
         <subfield code="u">https://www.lda-lsa.de/fachdienste-und-serviceangebote/archiv</subfield>
         <subfield code="z">contact: Heidi Knörich</subfield>
      </datafield>
      <datafield tag="551" ind1="1" ind2=" ">
         <subfield code="a">Halle (Saale)</subfield>
         <subfield code="0">places/3900481</subfield>
      </datafield>
   </record>