
   <record>
      <leader>00000nz  a2200000nc 4500</leader>
      <controlfield tag="001">institutions/51007773</controlfield>
      <controlfield tag="003">DE-633</controlfield>
      <controlfield tag="005">20250620052317.0</controlfield>
      <controlfield tag="008">240208||||z|||a|||||||||||||||||n||||||d</controlfield>
      <datafield tag="024" ind1="7" ind2=" ">
         <subfield code="a">DE-Hrb1</subfield>
         <subfield code="2">ISIL</subfield>
      </datafield>
      <datafield tag="024" ind1="7" ind2=" ">
         <subfield code="a">125816078</subfield>
         <subfield code="2">VIAF</subfield>
      </datafield>
      <datafield tag="024" ind1="7" ind2=" ">
         <subfield code="a">Q28720005</subfield>
         <subfield code="2">WKP</subfield>
      </datafield>
      <datafield tag="024" ind1="7" ind2=" ">
         <subfield code="a">D-HBGsta</subfield>
         <subfield code="q">siglum</subfield>
         <subfield code="2">rism</subfield>
      </datafield>
      <datafield tag="034" ind1="1" ind2=" ">
         <subfield code="d">8.873884760498486</subfield>
         <subfield code="f">48.592824227524645</subfield>
      </datafield>
      <datafield tag="040" ind1=" " ind2=" ">
         <subfield code="a">DE-633</subfield>
         <subfield code="c">DE-633</subfield>
         <subfield code="e">rismg</subfield>
      </datafield>
      <datafield tag="043" ind1=" " ind2=" ">
         <subfield code="c">XA-DE</subfield>
      </datafield>
      <datafield tag="110" ind1="1" ind2=" ">
         <subfield code="a">Stadtarchiv</subfield>
         <subfield code="c">Herrenberg</subfield>
         <subfield code="g">D-HBGsta</subfield>
      </datafield>
      <datafield tag="368" ind1=" " ind2=" ">
         <subfield code="a">Institution</subfield>
         <subfield code="a">Library</subfield>
         <subfield code="a">Archive</subfield>
      </datafield>
      <datafield tag="371" ind1=" " ind2=" ">
         <subfield code="a">Marienstraße 21</subfield>
         <subfield code="b">71083 Herrenberg</subfield>
         <subfield code="c">Baden-Württemberg</subfield>
         <subfield code="d">Germany</subfield>
         <subfield code="m">archiv@herrenberg.de</subfield>
         <subfield code="u">https://www.herrenberg.de/archiv</subfield>
         <subfield code="z">tel: +49 / (0)7032 / 954-633-0</subfield>
      </datafield>
      <datafield tag="551" ind1="1" ind2=" ">
         <subfield code="a">Herrenberg</subfield>
         <subfield code="0">places/3904955</subfield>
      </datafield>
   </record>