
   <record>
      <leader>00000nz  a2200000nc 4500</leader>
      <controlfield tag="001">institutions/51004896</controlfield>
      <controlfield tag="003">DE-633</controlfield>
      <controlfield tag="005">20250620052258.0</controlfield>
      <controlfield tag="008">210210||||z|||a|||||||||||||||||n||||||d</controlfield>
      <datafield tag="024" ind1="7" ind2=" ">
         <subfield code="a">DE-2889</subfield>
         <subfield code="2">ISIL</subfield>
      </datafield>
      <datafield tag="024" ind1="7" ind2=" ">
         <subfield code="a">127387619</subfield>
         <subfield code="2">VIAF</subfield>
      </datafield>
      <datafield tag="024" ind1="7" ind2=" ">
         <subfield code="a">D-HEua</subfield>
         <subfield code="q">siglum</subfield>
         <subfield code="2">rism</subfield>
      </datafield>
      <datafield tag="034" ind1="1" ind2=" ">
         <subfield code="d">8.697819633678943</subfield>
         <subfield code="f">49.40954457934525</subfield>
      </datafield>
      <datafield tag="040" ind1=" " ind2=" ">
         <subfield code="a">DE-633</subfield>
         <subfield code="c">DE-633</subfield>
         <subfield code="e">rismg</subfield>
      </datafield>
      <datafield tag="043" ind1=" " ind2=" ">
         <subfield code="c">XA-DE</subfield>
      </datafield>
      <datafield tag="110" ind1="1" ind2=" ">
         <subfield code="a">Universitätsarchiv</subfield>
         <subfield code="c">Heidelberg</subfield>
         <subfield code="g">D-HEua</subfield>
      </datafield>
      <datafield tag="368" ind1=" " ind2=" ">
         <subfield code="a">Institution</subfield>
         <subfield code="a">Archive</subfield>
      </datafield>
      <datafield tag="371" ind1=" " ind2=" ">
         <subfield code="a">Akademiestraße 4-8</subfield>
         <subfield code="b">Heidelberg</subfield>
         <subfield code="c">Baden-Württemberg</subfield>
         <subfield code="d">Germany</subfield>
         <subfield code="e">69117</subfield>
         <subfield code="m">archiv@urz.uni-heidelberg.de</subfield>
         <subfield code="u">https://www.uni-heidelberg.de/uniarchiv/</subfield>
         <subfield code="z">tel: +49 / (0)6221 / 54-7542</subfield>
         <subfield code="z">fax: +49 / (0)6221 / 54-7706</subfield>
      </datafield>
      <datafield tag="551" ind1="1" ind2=" ">
         <subfield code="a">Heidelberg</subfield>
         <subfield code="0">places/3900400</subfield>
      </datafield>
   </record>