
   <record>
      <leader>00000nz  a2200000nc 4500</leader>
      <controlfield tag="001">institutions/30061587</controlfield>
      <controlfield tag="003">DE-633</controlfield>
      <controlfield tag="005">20250620052103.0</controlfield>
      <controlfield tag="008">161109||||z|||a|||||||||||||||||n||||||d</controlfield>
      <datafield tag="024" ind1="7" ind2=" ">
         <subfield code="a">16101964-X</subfield>
         <subfield code="2">DNB</subfield>
      </datafield>
      <datafield tag="024" ind1="7" ind2=" ">
         <subfield code="a">DE-Hv119</subfield>
         <subfield code="2">ISIL</subfield>
      </datafield>
      <datafield tag="024" ind1="7" ind2=" ">
         <subfield code="a">D-HImk</subfield>
         <subfield code="q">siglum</subfield>
         <subfield code="z">D-HIps</subfield>
         <subfield code="2">rism</subfield>
      </datafield>
      <datafield tag="034" ind1="1" ind2=" ">
         <subfield code="d">9.943588</subfield>
         <subfield code="f">52.153578</subfield>
      </datafield>
      <datafield tag="040" ind1=" " ind2=" ">
         <subfield code="a">DE-633</subfield>
         <subfield code="c">DE-633</subfield>
         <subfield code="e">rismg</subfield>
      </datafield>
      <datafield tag="043" ind1=" " ind2=" ">
         <subfield code="c">XA-DE</subfield>
      </datafield>
      <datafield tag="110" ind1="1" ind2=" ">
         <subfield code="a">Michaeliskloster - Evangelisches Zentrum für Gottesdienst und Kirchenmusik, Bibliothek</subfield>
         <subfield code="c">Hildesheim</subfield>
         <subfield code="g">D-HImk</subfield>
      </datafield>
      <datafield tag="368" ind1=" " ind2=" ">
         <subfield code="a">Library</subfield>
      </datafield>
      <datafield tag="368" ind1=" " ind2=" ">
         <subfield code="a">Institution</subfield>
      </datafield>
      <datafield tag="371" ind1=" " ind2=" ">
         <subfield code="a">Michaeliskloster - Evangelisches Zentrum,  für Gottesdienst und Kirchenmusik,,  Bibliothek, Hinter der Michaeliskirche 3-5, 31134 Hildesheim, Germany</subfield>
         <subfield code="u">http://www.michaeliskloster.de/</subfield>
      </datafield>
      <datafield tag="551" ind1="1" ind2=" ">
         <subfield code="a">Hildesheim</subfield>
         <subfield code="0">places/3900572</subfield>
      </datafield>
      <datafield tag="667" ind1=" " ind2=" ">
         <subfield code="a">Published sources: 2</subfield>
      </datafield>
      <datafield tag="678" ind1="1" ind2=" ">
         <subfield code="a">Das Predigerseminar St. Michael (D-HIps) wurde 2002 geschlossen und zum Evangelischen Zentrum für Gottesdienst und Kirchenmusik umgebaut.</subfield>
      </datafield>
   </record>