
   <record>
      <leader>00000nz  a2200000nc 4500</leader>
      <controlfield tag="001">institutions/30001185</controlfield>
      <controlfield tag="003">DE-633</controlfield>
      <controlfield tag="005">20250620052002.0</controlfield>
      <controlfield tag="008">161109||||z|||a|||||||||||||||||n||||||d</controlfield>
      <datafield tag="024" ind1="7" ind2=" ">
         <subfield code="a">16159032526301180378</subfield>
         <subfield code="2">VIAF</subfield>
      </datafield>
      <datafield tag="024" ind1="7" ind2=" ">
         <subfield code="a">D-HUH</subfield>
         <subfield code="q">siglum</subfield>
         <subfield code="2">rism</subfield>
      </datafield>
      <datafield tag="034" ind1="1" ind2=" ">
         <subfield code="d">11.628080167515991</subfield>
         <subfield code="f">50.76767835728746</subfield>
      </datafield>
      <datafield tag="040" ind1=" " ind2=" ">
         <subfield code="a">DE-633</subfield>
         <subfield code="c">DE-633</subfield>
         <subfield code="e">rismg</subfield>
      </datafield>
      <datafield tag="043" ind1=" " ind2=" ">
         <subfield code="c">XA-DE</subfield>
      </datafield>
      <datafield tag="110" ind1="1" ind2=" ">
         <subfield code="a">St. Johannes der Täufer-Kirche, Pfarrarchiv</subfield>
         <subfield code="c">Hummelshain</subfield>
         <subfield code="g">D-HUH</subfield>
      </datafield>
      <datafield tag="368" ind1=" " ind2=" ">
         <subfield code="a">Institution</subfield>
         <subfield code="a">Archive</subfield>
         <subfield code="a">Library</subfield>
      </datafield>
      <datafield tag="371" ind1=" " ind2=" ">
         <subfield code="a">c/o Pfarrbereich Trockenborn</subfield>
         <subfield code="a">Dorfstraße 12</subfield>
         <subfield code="b">Trockenborn-Wolfersdorf</subfield>
         <subfield code="c">Thüringen</subfield>
         <subfield code="d">Germany</subfield>
         <subfield code="e">07646</subfield>
         <subfield code="m">kg-troebnitz-trockenborn@t-online.de</subfield>
         <subfield code="u">https://www.ekmd.de/kirche/kirchenkreise/eisenberg/trockenborn/</subfield>
         <subfield code="u">https://www.ekmd.de/kirche/kirchenkreise/eisenberg/trockenborn/hummelshain/kirche-st-johannes-des-taeufer-hummelshain/</subfield>
         <subfield code="z">tel: +49 / (0)36428 / 40916</subfield>
         <subfield code="z">fax: +49 / (0)36428 / 13385</subfield>
      </datafield>
      <datafield tag="551" ind1="1" ind2=" ">
         <subfield code="a">Hummelshain</subfield>
         <subfield code="0">places/3903116</subfield>
      </datafield>
      <datafield tag="667" ind1=" " ind2=" ">
         <subfield code="a">Published sources: 1</subfield>
      </datafield>
   </record>