
   <record>
      <leader>00000nz  a2200000nc 4500</leader>
      <controlfield tag="001">institutions/30000788</controlfield>
      <controlfield tag="003">DE-633</controlfield>
      <controlfield tag="005">20250620051958.0</controlfield>
      <controlfield tag="008">161109||||z|||a|||||||||||||||||n||||||d</controlfield>
      <datafield tag="024" ind1=" " ind2=" ">
         <subfield code="a">1028556047</subfield>
         <subfield code="2">DNB</subfield>
      </datafield>
      <datafield tag="024" ind1=" " ind2=" ">
         <subfield code="a">DE-H210</subfield>
         <subfield code="2">ISIL</subfield>
      </datafield>
      <datafield tag="024" ind1="7" ind2=" ">
         <subfield code="a">D-Hhm</subfield>
         <subfield code="q">siglum</subfield>
         <subfield code="2">rism</subfield>
      </datafield>
      <datafield tag="034" ind1="2" ind2=" ">
         <subfield code="d">9.977259</subfield>
         <subfield code="f">53.459145</subfield>
      </datafield>
      <datafield tag="040" ind1=" " ind2=" ">
         <subfield code="a">DE-633</subfield>
         <subfield code="c">DE-633</subfield>
         <subfield code="e">rismg</subfield>
      </datafield>
      <datafield tag="043" ind1=" " ind2=" ">
         <subfield code="c">XA-DE</subfield>
      </datafield>
      <datafield tag="110" ind1="2" ind2=" ">
         <subfield code="a">Archäologisches Museum Hamburg - Stadtmuseum Harburg / Helms-Museum</subfield>
         <subfield code="c">Hamburg</subfield>
         <subfield code="g">D-Hhm</subfield>
      </datafield>
      <datafield tag="368" ind1=" " ind2=" ">
         <subfield code="a">Library</subfield>
      </datafield>
      <datafield tag="368" ind1=" " ind2=" ">
         <subfield code="a">Institution</subfield>
      </datafield>
      <datafield tag="371" ind1=" " ind2=" ">
         <subfield code="a">Archäologisches Museum Hamburg -,  Stadtmuseum Harburg / Helms-Museum, Museumsplatz 2, 21073 Hamburg, Germany</subfield>
         <subfield code="u">http://www.amh.de/</subfield>
      </datafield>
      <datafield tag="551" ind1=" " ind2=" ">
         <subfield code="a">Hamburg</subfield>
         <subfield code="0">places/3900107</subfield>
      </datafield>
      <datafield tag="667" ind1=" " ind2=" ">
         <subfield code="a">Published sources: 48</subfield>
      </datafield>
   </record>