
   <record>
      <leader>00000nz  a2200000nc 4500</leader>
      <controlfield tag="001">institutions/51003713</controlfield>
      <controlfield tag="003">DE-633</controlfield>
      <controlfield tag="005">20250620052252.0</controlfield>
      <controlfield tag="008">200124||||z|||a|||||||||||||||||n||||||d</controlfield>
      <datafield tag="024" ind1="7" ind2=" ">
         <subfield code="a">DE-18</subfield>
         <subfield code="2">ISIL</subfield>
      </datafield>
      <datafield tag="024" ind1="7" ind2=" ">
         <subfield code="a">44643-9</subfield>
         <subfield code="2">DNB</subfield>
      </datafield>
      <datafield tag="024" ind1="7" ind2=" ">
         <subfield code="a">D-Hsna</subfield>
         <subfield code="q">siglum</subfield>
         <subfield code="2">rism</subfield>
      </datafield>
      <datafield tag="034" ind1="1" ind2=" ">
         <subfield code="d">9.985177</subfield>
         <subfield code="f">53.564737</subfield>
      </datafield>
      <datafield tag="040" ind1=" " ind2=" ">
         <subfield code="a">DE-633</subfield>
         <subfield code="c">DE-633</subfield>
         <subfield code="e">rismg</subfield>
      </datafield>
      <datafield tag="043" ind1=" " ind2=" ">
         <subfield code="c">XA-DE</subfield>
      </datafield>
      <datafield tag="110" ind1="1" ind2=" ">
         <subfield code="a">Staats- und Universitätsbibliothek Carl von Ossietzky, Nachlass- und Autographensammlung</subfield>
         <subfield code="c">Hamburg</subfield>
         <subfield code="g">D-Hsna</subfield>
      </datafield>
      <datafield tag="368" ind1=" " ind2=" ">
         <subfield code="a">Institution</subfield>
         <subfield code="a">Library</subfield>
      </datafield>
      <datafield tag="371" ind1=" " ind2=" ">
         <subfield code="a">Von-Melle-Park 3</subfield>
         <subfield code="b">Hamburg</subfield>
         <subfield code="d">Germany</subfield>
         <subfield code="e">20146</subfield>
         <subfield code="m">mark.emanuel.amtstaetter@sub.uni-hamburg.de</subfield>
         <subfield code="u">https://www.sub.uni-hamburg.de/sammlungen/nachlass-und-autographensammlung.html</subfield>
         <subfield code="z">contact: Dr. Mark Emanuel Amtstätter</subfield>
         <subfield code="z">tel: +49 / (0)40 / 42838-2767</subfield>
         <subfield code="z">fax: +49 / (0)40 / 42838-3352</subfield>
      </datafield>
      <datafield tag="551" ind1="1" ind2=" ">
         <subfield code="a">Hamburg</subfield>
         <subfield code="0">places/3900107</subfield>
      </datafield>
   </record>