
   <record>
      <leader>00000nz  a2200000nc 4500</leader>
      <controlfield tag="001">institutions/30002909</controlfield>
      <controlfield tag="003">DE-633</controlfield>
      <controlfield tag="005">20250620052017.0</controlfield>
      <controlfield tag="008">161109||||z|||a|||||||||||||||||n||||||d</controlfield>
      <datafield tag="024" ind1=" " ind2=" ">
         <subfield code="a">1036300870</subfield>
         <subfield code="2">DNB</subfield>
      </datafield>
      <datafield tag="024" ind1="7" ind2=" ">
         <subfield code="a">D-Jk</subfield>
         <subfield code="q">siglum</subfield>
         <subfield code="2">rism</subfield>
      </datafield>
      <datafield tag="034" ind1="2" ind2=" ">
         <subfield code="d">11.580081</subfield>
         <subfield code="f">50.926702</subfield>
      </datafield>
      <datafield tag="040" ind1=" " ind2=" ">
         <subfield code="a">DE-633</subfield>
         <subfield code="c">DE-633</subfield>
         <subfield code="e">rismg</subfield>
      </datafield>
      <datafield tag="043" ind1=" " ind2=" ">
         <subfield code="c">XA-DE</subfield>
      </datafield>
      <datafield tag="110" ind1="2" ind2=" ">
         <subfield code="a">Bücherarchiv der Evangelisch-Lutherischen Kirchengemeinde</subfield>
         <subfield code="c">Jena</subfield>
         <subfield code="g">D-Jk</subfield>
      </datafield>
      <datafield tag="368" ind1=" " ind2=" ">
         <subfield code="a">Institution</subfield>
      </datafield>
      <datafield tag="368" ind1=" " ind2=" ">
         <subfield code="a">Library</subfield>
      </datafield>
      <datafield tag="371" ind1=" " ind2=" ">
         <subfield code="a">Bücherarchiv der,  Evangelisch-Lutherischen,  Kirchengemeinde, c/o Evangelisch-Lutherischer,  Kirchenkreis Jena - Superintendentur, Lutherstraße 3, 07743 Jena, Germany</subfield>
         <subfield code="u">http://www.kirchenkreis-jena.de/de/start.html</subfield>
      </datafield>
      <datafield tag="551" ind1=" " ind2=" ">
         <subfield code="a">Jena</subfield>
         <subfield code="0">places/3900445</subfield>
      </datafield>
   </record>