
   <record>
      <leader>00000nz  a2200000nc 4500</leader>
      <controlfield tag="001">institutions/30003793</controlfield>
      <controlfield tag="003">DE-633</controlfield>
      <controlfield tag="005">20250620052024.0</controlfield>
      <controlfield tag="008">161109||||z|||a|||||||||||||||||n||||||d</controlfield>
      <datafield tag="024" ind1="7" ind2=" ">
         <subfield code="a">29159032532601180140</subfield>
         <subfield code="2">VIAF</subfield>
      </datafield>
      <datafield tag="024" ind1="7" ind2=" ">
         <subfield code="a">Q15848674</subfield>
         <subfield code="2">WKP</subfield>
      </datafield>
      <datafield tag="024" ind1="7" ind2=" ">
         <subfield code="a">D-KAWp</subfield>
         <subfield code="q">siglum</subfield>
         <subfield code="2">rism</subfield>
      </datafield>
      <datafield tag="034" ind1="1" ind2=" ">
         <subfield code="d">11.130401897406598</subfield>
         <subfield code="f">51.270503571763626</subfield>
      </datafield>
      <datafield tag="040" ind1=" " ind2=" ">
         <subfield code="a">DE-633</subfield>
         <subfield code="c">DE-633</subfield>
         <subfield code="e">rismg</subfield>
      </datafield>
      <datafield tag="043" ind1=" " ind2=" ">
         <subfield code="c">XA-DE</subfield>
      </datafield>
      <datafield tag="110" ind1="1" ind2=" ">
         <subfield code="a">Evangelische Kirchengemeinde St. Petri und Pauli, Pfarrarchiv</subfield>
         <subfield code="c">Kannawurf</subfield>
         <subfield code="g">D-KAWp</subfield>
      </datafield>
      <datafield tag="368" ind1=" " ind2=" ">
         <subfield code="a">Institution</subfield>
         <subfield code="a">Archive</subfield>
         <subfield code="a">Library</subfield>
      </datafield>
      <datafield tag="371" ind1=" " ind2=" ">
         <subfield code="a">c/o Pfarrbereich Kindelbrück-Weißensee</subfield>
         <subfield code="a">Marktplatz 11</subfield>
         <subfield code="b">Weißensee</subfield>
         <subfield code="c">Thüringen</subfield>
         <subfield code="d">Germany</subfield>
         <subfield code="e">99631</subfield>
         <subfield code="m">ev-kgv-kindelbrueck-weissensee@kk-e-s.de</subfield>
         <subfield code="u">https://www.ekmd.de/kirche/kirchenkreise/eisleben-soemmerda/kindelbrueck-weissensee/</subfield>
         <subfield code="z">tel: +49 / (0)36374 / 36160</subfield>
         <subfield code="z">fax: +49 / (0)36374 / 36187</subfield>
      </datafield>
      <datafield tag="551" ind1="1" ind2=" ">
         <subfield code="a">Kannawurf</subfield>
         <subfield code="0">places/3903962</subfield>
      </datafield>
   </record>