
   <record>
      <leader>00000nz  a2200000nc 4500</leader>
      <controlfield tag="001">institutions/30002912</controlfield>
      <controlfield tag="003">DE-633</controlfield>
      <controlfield tag="005">20250620052017.0</controlfield>
      <controlfield tag="008">161109||||z|||a|||||||||||||||||n||||||d</controlfield>
      <datafield tag="024" ind1="7" ind2=" ">
         <subfield code="a">27159032517901180965</subfield>
         <subfield code="2">VIAF</subfield>
      </datafield>
      <datafield tag="024" ind1="7" ind2=" ">
         <subfield code="a">D-KEL</subfield>
         <subfield code="q">siglum</subfield>
         <subfield code="2">rism</subfield>
      </datafield>
      <datafield tag="034" ind1="1" ind2=" ">
         <subfield code="d">11.100412225204957</subfield>
         <subfield code="f">51.00622502267806</subfield>
      </datafield>
      <datafield tag="040" ind1=" " ind2=" ">
         <subfield code="a">DE-633</subfield>
         <subfield code="c">DE-633</subfield>
         <subfield code="e">rismg</subfield>
      </datafield>
      <datafield tag="043" ind1=" " ind2=" ">
         <subfield code="c">XA-DE</subfield>
      </datafield>
      <datafield tag="110" ind1="1" ind2=" ">
         <subfield code="a">Evangelisch-Lutherisches Pfarramt Kerspleben, Pfarrarchiv</subfield>
         <subfield code="c">Kerspleben</subfield>
         <subfield code="g">D-KEL</subfield>
      </datafield>
      <datafield tag="368" ind1=" " ind2=" ">
         <subfield code="a">Institution</subfield>
         <subfield code="a">Archive</subfield>
         <subfield code="a">Library</subfield>
      </datafield>
      <datafield tag="371" ind1=" " ind2=" ">
         <subfield code="a">c/o Pfarrbereich Kerspleben</subfield>
         <subfield code="a">Kirchplatz 1</subfield>
         <subfield code="b">Erfurt OT Kerspleben</subfield>
         <subfield code="c">Thüringen</subfield>
         <subfield code="d">Germany</subfield>
         <subfield code="e">99098</subfield>
         <subfield code="m">christian.dietrich@ekmd.de</subfield>
         <subfield code="u">https://www.ekmd.de/kirche/kirchenkreise/weimar/kerspleben/</subfield>
         <subfield code="u">https://www.ekmd.de/kirche/kirchenkreise/weimar/kerspleben/kerspleben/kerspleben/heilig-geist-kirche/</subfield>
         <subfield code="z">contact: Pfarrer Christian Dietrich</subfield>
         <subfield code="z">tel: +49 / (0)173 / 1845527</subfield>
      </datafield>
      <datafield tag="551" ind1="1" ind2=" ">
         <subfield code="a">Kerspleben</subfield>
         <subfield code="0">places/3903656</subfield>
      </datafield>
      <datafield tag="667" ind1=" " ind2=" ">
         <subfield code="a">Published sources: 1</subfield>
      </datafield>
   </record>