
   <record>
      <leader>00000nz  a2200000nc 4500</leader>
      <controlfield tag="001">institutions/51003766</controlfield>
      <controlfield tag="003">DE-633</controlfield>
      <controlfield tag="005">20250620052252.0</controlfield>
      <controlfield tag="008">200218||||z|||a|||||||||||||||||n||||||d</controlfield>
      <datafield tag="024" ind1="7" ind2=" ">
         <subfield code="a">148252218</subfield>
         <subfield code="2">VIAF</subfield>
      </datafield>
      <datafield tag="024" ind1="7" ind2=" ">
         <subfield code="a">D-KIaus</subfield>
         <subfield code="q">siglum</subfield>
         <subfield code="2">rism</subfield>
      </datafield>
      <datafield tag="034" ind1="1" ind2=" ">
         <subfield code="d">10.132546</subfield>
         <subfield code="f">54.322690</subfield>
      </datafield>
      <datafield tag="040" ind1=" " ind2=" ">
         <subfield code="a">DE-633</subfield>
         <subfield code="c">DE-633</subfield>
         <subfield code="e">rismg</subfield>
      </datafield>
      <datafield tag="043" ind1=" " ind2=" ">
         <subfield code="c">XA-DE</subfield>
      </datafield>
      <datafield tag="110" ind1="1" ind2=" ">
         <subfield code="a">Die Pfarrkirche St. Ausonia</subfield>
         <subfield code="c">Kiel</subfield>
         <subfield code="g">D-KIaus</subfield>
      </datafield>
      <datafield tag="368" ind1=" " ind2=" ">
         <subfield code="a">Institution</subfield>
         <subfield code="a">Library</subfield>
         <subfield code="a">Other</subfield>
      </datafield>
      <datafield tag="371" ind1=" " ind2=" ">
         <subfield code="a">Nikolausstr. 20</subfield>
         <subfield code="b">Kiel</subfield>
         <subfield code="c">Schleswig-Holstein</subfield>
         <subfield code="d">Germany</subfield>
         <subfield code="e">24103</subfield>
         <subfield code="m">diepfarrkirchesanktausonia@ersterapril.de</subfield>
         <subfield code="u">https://gottliebtdich.de</subfield>
         <subfield code="z">contact: Küster Flips Asmussen M. A.</subfield>
      </datafield>
      <datafield tag="551" ind1="1" ind2=" ">
         <subfield code="a">Kiel</subfield>
         <subfield code="0">places/3900129</subfield>
      </datafield>
   </record>