
   <record>
      <leader>00000nz  a2200000nc 4500</leader>
      <controlfield tag="001">institutions/30000848</controlfield>
      <controlfield tag="003">DE-633</controlfield>
      <controlfield tag="005">20250620051959.0</controlfield>
      <controlfield tag="008">161109||||z|||a|||||||||||||||||n||||||d</controlfield>
      <datafield tag="024" ind1="7" ind2=" ">
         <subfield code="a">DE-68</subfield>
         <subfield code="2">ISIL</subfield>
      </datafield>
      <datafield tag="024" ind1="7" ind2=" ">
         <subfield code="a">153347175</subfield>
         <subfield code="2">VIAF</subfield>
      </datafield>
      <datafield tag="024" ind1="7" ind2=" ">
         <subfield code="a">Q2239285</subfield>
         <subfield code="2">WKP</subfield>
      </datafield>
      <datafield tag="024" ind1="7" ind2=" ">
         <subfield code="a">D-KIl</subfield>
         <subfield code="q">siglum</subfield>
         <subfield code="2">rism</subfield>
      </datafield>
      <datafield tag="034" ind1="1" ind2=" ">
         <subfield code="d">10.142769599595878</subfield>
         <subfield code="f">54.32170186634087</subfield>
      </datafield>
      <datafield tag="040" ind1=" " ind2=" ">
         <subfield code="a">DE-633</subfield>
         <subfield code="c">DE-633</subfield>
         <subfield code="e">rismg</subfield>
      </datafield>
      <datafield tag="043" ind1=" " ind2=" ">
         <subfield code="c">XA-DE</subfield>
      </datafield>
      <datafield tag="110" ind1="1" ind2=" ">
         <subfield code="a">Schleswig-Holsteinische Landesbibliothek</subfield>
         <subfield code="c">Kiel</subfield>
         <subfield code="g">D-KIl</subfield>
      </datafield>
      <datafield tag="368" ind1=" " ind2=" ">
         <subfield code="a">Institution</subfield>
         <subfield code="a">Library</subfield>
      </datafield>
      <datafield tag="371" ind1=" " ind2=" ">
         <subfield code="a">Wall 47/51</subfield>
         <subfield code="b">24103 Kiel</subfield>
         <subfield code="c">Schleswig-Holstein</subfield>
         <subfield code="d">Germany</subfield>
         <subfield code="m">Maike.Manske@shlb.landsh.de</subfield>
         <subfield code="u">https://www.schleswig-holstein.de/DE/landesregierung/ministerien-behoerden/LBSH/lbsh_node.html</subfield>
         <subfield code="u">https://www.schleswig-holstein.de/DE/landesregierung/ministerien-behoerden/LBSH/Sammlungen/_documents/musiksammlung.html</subfield>
         <subfield code="z">contact: Maike Manske</subfield>
         <subfield code="z">tel: +49 / (0)431 / 69677-25</subfield>
      </datafield>
      <datafield tag="410" ind1=" " ind2=" ">
         <subfield code="a">Musiksammlung</subfield>
      </datafield>
      <datafield tag="551" ind1="1" ind2=" ">
         <subfield code="a">Kiel</subfield>
         <subfield code="0">places/3900129</subfield>
      </datafield>
      <datafield tag="667" ind1=" " ind2=" ">
         <subfield code="a">Published sources: 5074</subfield>
      </datafield>
      <datafield tag="710" ind1="1" ind2=" ">
         <subfield code="a">Schleswig-Holsteinische Musiksammlung der Stadt Neumünster</subfield>
         <subfield code="0">institutions/30024684</subfield>
      </datafield>
   </record>