
   <record>
      <leader>00000nz  a2200000nc 4500</leader>
      <controlfield tag="001">institutions/51001707</controlfield>
      <controlfield tag="003">DE-633</controlfield>
      <controlfield tag="005">20250620052240.0</controlfield>
      <controlfield tag="008">180628||||z|||a|||||||||||||||||n||||||d</controlfield>
      <datafield tag="024" ind1="7" ind2=" ">
         <subfield code="a">DE-2294</subfield>
         <subfield code="2">ISIL</subfield>
      </datafield>
      <datafield tag="024" ind1="7" ind2=" ">
         <subfield code="a">D-KIna</subfield>
         <subfield code="q">siglum</subfield>
         <subfield code="2">rism</subfield>
      </datafield>
      <datafield tag="034" ind1="1" ind2=" ">
         <subfield code="d">10.113455</subfield>
         <subfield code="f">54.308925</subfield>
      </datafield>
      <datafield tag="040" ind1=" " ind2=" ">
         <subfield code="a">DE-633</subfield>
         <subfield code="c">DE-633</subfield>
         <subfield code="e">rismg</subfield>
      </datafield>
      <datafield tag="043" ind1=" " ind2=" ">
         <subfield code="c">XA-DE</subfield>
      </datafield>
      <datafield tag="110" ind1="1" ind2=" ">
         <subfield code="a">Landeskirchliches Archiv Kiel</subfield>
         <subfield code="c">Kiel</subfield>
         <subfield code="g">D-KIna</subfield>
      </datafield>
      <datafield tag="368" ind1=" " ind2=" ">
         <subfield code="a">Institution</subfield>
         <subfield code="a">Library</subfield>
         <subfield code="a">Archive</subfield>
      </datafield>
      <datafield tag="371" ind1=" " ind2=" ">
         <subfield code="a">Winterbeker Weg 51</subfield>
         <subfield code="b">Kiel</subfield>
         <subfield code="c">Schleswig-Holstein</subfield>
         <subfield code="d">Germany</subfield>
         <subfield code="e">24114</subfield>
         <subfield code="m">kiel@archiv.nordkirche.de</subfield>
         <subfield code="u">http://archivnordkirche.de/index.php/archiv-kiel.html</subfield>
         <subfield code="z">tel: +49 / (0)431 / 9797 660</subfield>
      </datafield>
      <datafield tag="551" ind1="1" ind2=" ">
         <subfield code="a">Kiel</subfield>
         <subfield code="0">places/3900129</subfield>
      </datafield>
   </record>