
   <record>
      <leader>00000nz  a2200000nc 4500</leader>
      <controlfield tag="001">institutions/51008782</controlfield>
      <controlfield tag="003">DE-633</controlfield>
      <controlfield tag="005">20250620052325.0</controlfield>
      <controlfield tag="008">250520||||z|||a|||||||||||||||||n||||||d</controlfield>
      <datafield tag="024" ind1="7" ind2=" ">
         <subfield code="a">D-KNwdr</subfield>
         <subfield code="q">siglum</subfield>
         <subfield code="2">rism</subfield>
      </datafield>
      <datafield tag="034" ind1="1" ind2=" ">
         <subfield code="d">6.951807734092047</subfield>
         <subfield code="f">50.93983126343962</subfield>
      </datafield>
      <datafield tag="040" ind1=" " ind2=" ">
         <subfield code="a">DE-633</subfield>
         <subfield code="b">ger</subfield>
         <subfield code="c">DE-633</subfield>
         <subfield code="e">rismg</subfield>
      </datafield>
      <datafield tag="043" ind1=" " ind2=" ">
         <subfield code="c">XA-DE</subfield>
      </datafield>
      <datafield tag="110" ind1="1" ind2=" ">
         <subfield code="a">WDR Notenarchiv</subfield>
         <subfield code="c">Köln</subfield>
         <subfield code="g">D-KNwdr</subfield>
      </datafield>
      <datafield tag="368" ind1=" " ind2=" ">
         <subfield code="a">Institution</subfield>
         <subfield code="a">Archive</subfield>
         <subfield code="a">Library</subfield>
      </datafield>
      <datafield tag="371" ind1=" " ind2=" ">
         <subfield code="a">Westdeutscher Rundfunk</subfield>
         <subfield code="a">D+A Archivservice</subfield>
         <subfield code="a">Leitung: Musik Audio Noten</subfield>
         <subfield code="a">Funkhaus 2046</subfield>
         <subfield code="a">Appellhofplatz 1</subfield>
         <subfield code="b">Köln</subfield>
         <subfield code="c">Nordrhein-Westfalen</subfield>
         <subfield code="d">Germany</subfield>
         <subfield code="e">50667</subfield>
         <subfield code="m">sarah.gerbracht@wdr.de</subfield>
         <subfield code="u">https://www1.wdr.de/index.html</subfield>
         <subfield code="z">contact: Sarah Gerbracht</subfield>
         <subfield code="z">tel: +49 / (0)221 / 220 6527</subfield>
      </datafield>
      <datafield tag="410" ind1=" " ind2=" ">
         <subfield code="a">Notenarchiv des Westdeutschen Rundfunks</subfield>
      </datafield>
      <datafield tag="551" ind1="1" ind2=" ">
         <subfield code="a">Köln</subfield>
         <subfield code="0">places/3900186</subfield>
      </datafield>
   </record>