
   <record>
      <leader>00000nz  a2200000nc 4500</leader>
      <controlfield tag="001">institutions/30003798</controlfield>
      <controlfield tag="003">DE-633</controlfield>
      <controlfield tag="005">20250620052024.0</controlfield>
      <controlfield tag="008">161109||||z|||a|||||||||||||||||n||||||d</controlfield>
      <datafield tag="024" ind1="7" ind2=" ">
         <subfield code="a">D-KRSp</subfield>
         <subfield code="q">siglum</subfield>
         <subfield code="2">rism</subfield>
      </datafield>
      <datafield tag="034" ind1="2" ind2=" ">
         <subfield code="d">13.603744</subfield>
         <subfield code="f">51.971963</subfield>
      </datafield>
      <datafield tag="040" ind1=" " ind2=" ">
         <subfield code="a">DE-633</subfield>
         <subfield code="c">DE-633</subfield>
         <subfield code="e">rismg</subfield>
      </datafield>
      <datafield tag="043" ind1=" " ind2=" ">
         <subfield code="c">XA-DE</subfield>
      </datafield>
      <datafield tag="110" ind1="2" ind2=" ">
         <subfield code="a">Pfarrsprengel Dahme-Berste-Land, Region Golßen, Evangelische Kirchengemeinde Krossen, Pfarrarchiv</subfield>
         <subfield code="c">Krossen (Drahnsdorf)</subfield>
         <subfield code="g">D-KRSp</subfield>
      </datafield>
      <datafield tag="368" ind1=" " ind2=" ">
         <subfield code="a">Library</subfield>
      </datafield>
      <datafield tag="368" ind1=" " ind2=" ">
         <subfield code="a">Institution</subfield>
      </datafield>
      <datafield tag="371" ind1=" " ind2=" ">
         <subfield code="a">Pfarrsprengel Dahme-Berste-Land, Region,  Golßen, Evangelische Kirchengemeinde,  Krossen, Pfarrarchiv, c/o Pfarramt Golßen, Schulstr. 13, 15938 Golßen, Germany</subfield>
         <subfield code="u">http://www.kirchenkreis-luebben.de/Gemeinde_56_Gol%C3%9Fen.htm</subfield>
      </datafield>
      <datafield tag="551" ind1=" " ind2=" ">
         <subfield code="a">Krossen (Drahnsdorf)</subfield>
         <subfield code="0">places/3903967</subfield>
      </datafield>
   </record>