
   <record>
      <leader>00000nz  a2200000nc 4500</leader>
      <controlfield tag="001">institutions/30002858</controlfield>
      <controlfield tag="003">DE-633</controlfield>
      <controlfield tag="005">20250620052016.0</controlfield>
      <controlfield tag="008">161109||||z|||a|||||||||||||||||n||||||d</controlfield>
      <datafield tag="024" ind1="7" ind2=" ">
         <subfield code="a">D-KT</subfield>
         <subfield code="q">siglum</subfield>
         <subfield code="2">rism</subfield>
      </datafield>
      <datafield tag="034" ind1="2" ind2=" ">
         <subfield code="d">12.467355</subfield>
         <subfield code="f">50.359280</subfield>
      </datafield>
      <datafield tag="040" ind1=" " ind2=" ">
         <subfield code="a">DE-633</subfield>
         <subfield code="c">DE-633</subfield>
         <subfield code="e">rismg</subfield>
      </datafield>
      <datafield tag="043" ind1=" " ind2=" ">
         <subfield code="c">XA-DE</subfield>
      </datafield>
      <datafield tag="110" ind1="2" ind2=" ">
         <subfield code="a">Evangelisch-Lutherische Kirchgemeinde zum Friedefürsten, Kirchenbibliothek</subfield>
         <subfield code="c">Klingenthal (Sachsen)</subfield>
         <subfield code="g">D-KT</subfield>
      </datafield>
      <datafield tag="368" ind1=" " ind2=" ">
         <subfield code="a">Library</subfield>
      </datafield>
      <datafield tag="368" ind1=" " ind2=" ">
         <subfield code="a">Institution</subfield>
      </datafield>
      <datafield tag="371" ind1=" " ind2=" ">
         <subfield code="a">Evangelisch-Lutherische Kirchgemeinde,  zum Friedefürsten, Kirchenbibliothek, Kirchstr. 19, 08248 Klingenthal (Sachsen), Germany</subfield>
         <subfield code="u">http://www.kirche-klingenthal.de/</subfield>
      </datafield>
      <datafield tag="551" ind1=" " ind2=" ">
         <subfield code="a">Klingenthal (Sachsen)</subfield>
         <subfield code="0">places/3903620</subfield>
      </datafield>
   </record>