
   <record>
      <leader>00000nz  a2200000nc 4500</leader>
      <controlfield tag="001">institutions/30070520</controlfield>
      <controlfield tag="003">DE-633</controlfield>
      <controlfield tag="005">20250620052107.0</controlfield>
      <controlfield tag="008">161109||||z|||a|||||||||||||||||n||||||d</controlfield>
      <datafield tag="024" ind1="7" ind2=" ">
         <subfield code="a">51159032778001182463</subfield>
         <subfield code="2">VIAF</subfield>
      </datafield>
      <datafield tag="024" ind1="7" ind2=" ">
         <subfield code="a">2136507-6</subfield>
         <subfield code="2">DNB</subfield>
      </datafield>
      <datafield tag="024" ind1="7" ind2=" ">
         <subfield code="a">Q1757224</subfield>
         <subfield code="2">WKP</subfield>
      </datafield>
      <datafield tag="024" ind1="7" ind2=" ">
         <subfield code="a">D-KWsr</subfield>
         <subfield code="q">siglum</subfield>
         <subfield code="2">rism</subfield>
      </datafield>
      <datafield tag="034" ind1="1" ind2=" ">
         <subfield code="d">7.194128616104564</subfield>
         <subfield code="f">50.67396309458219</subfield>
      </datafield>
      <datafield tag="040" ind1=" " ind2=" ">
         <subfield code="a">DE-633</subfield>
         <subfield code="c">DE-633</subfield>
         <subfield code="e">rismg</subfield>
      </datafield>
      <datafield tag="043" ind1=" " ind2=" ">
         <subfield code="c">XA-DE</subfield>
      </datafield>
      <datafield tag="110" ind1="1" ind2=" ">
         <subfield code="a">Katholische Pfarrei St. Remigius</subfield>
         <subfield code="c">Königswinter</subfield>
         <subfield code="g">D-KWsr</subfield>
      </datafield>
      <datafield tag="368" ind1=" " ind2=" ">
         <subfield code="a">Institution</subfield>
         <subfield code="a">Library</subfield>
      </datafield>
      <datafield tag="371" ind1=" " ind2=" ">
         <subfield code="a">Kath. Kirchengemeindeverband Königswinter-Tal</subfield>
         <subfield code="a">Petersbergstr. 14</subfield>
         <subfield code="b">Königswinter</subfield>
         <subfield code="c">Nordrhein-Westfalen</subfield>
         <subfield code="d">Germany</subfield>
         <subfield code="e">53639</subfield>
         <subfield code="u">https://www.kirche-koenigswinter.de/einrichtungen/unsere-kirchen/st-remigius/</subfield>
         <subfield code="z">tel: +49 / (0)2223 / 9240-0</subfield>
         <subfield code="z">fax: +49 / (0)2223 / 9240-22</subfield>
      </datafield>
      <datafield tag="551" ind1="1" ind2=" ">
         <subfield code="a">Königswinter</subfield>
         <subfield code="0">places/3905163</subfield>
      </datafield>
   </record>