
   <record>
      <leader>00000nz  a2200000nc 4500</leader>
      <controlfield tag="001">institutions/30000837</controlfield>
      <controlfield tag="003">DE-633</controlfield>
      <controlfield tag="005">20250620051959.0</controlfield>
      <controlfield tag="008">161109||||z|||a|||||||||||||||||n||||||d</controlfield>
      <datafield tag="024" ind1="7" ind2=" ">
         <subfield code="a">299968056</subfield>
         <subfield code="2">VIAF</subfield>
      </datafield>
      <datafield tag="024" ind1="7" ind2=" ">
         <subfield code="a">D-Km</subfield>
         <subfield code="q">siglum</subfield>
         <subfield code="2">rism</subfield>
      </datafield>
      <datafield tag="034" ind1="1" ind2=" ">
         <subfield code="d">9.494419233506312</subfield>
         <subfield code="f">51.311647973180435</subfield>
      </datafield>
      <datafield tag="040" ind1=" " ind2=" ">
         <subfield code="a">DE-633</subfield>
         <subfield code="c">DE-633</subfield>
         <subfield code="e">rismg</subfield>
      </datafield>
      <datafield tag="043" ind1=" " ind2=" ">
         <subfield code="c">XA-DE</subfield>
      </datafield>
      <datafield tag="110" ind1="1" ind2=" ">
         <subfield code="a">Musikakademie der Stadt Kassel "Louis Spohr", Bibliothek</subfield>
         <subfield code="c">Kassel</subfield>
         <subfield code="g">D-Km</subfield>
      </datafield>
      <datafield tag="368" ind1=" " ind2=" ">
         <subfield code="a">Institution</subfield>
         <subfield code="a">Library</subfield>
      </datafield>
      <datafield tag="371" ind1=" " ind2=" ">
         <subfield code="a">Karlsplatz 7</subfield>
         <subfield code="b">Kassel</subfield>
         <subfield code="c">Hessen</subfield>
         <subfield code="d">Germany</subfield>
         <subfield code="e">34177</subfield>
         <subfield code="u">https://www.kassel.de/musikakademie/</subfield>
         <subfield code="u">https://www.kassel.de/einrichtungen/musikakademie/ueber-uns/inhaltsseiten/Bibliothek.php</subfield>
         <subfield code="z">tel: +49 / (0)561 / 7874180</subfield>
      </datafield>
      <datafield tag="410" ind1=" " ind2=" ">
         <subfield code="a">Konservatorium und Musikseminar der Stadt, Bibliothek</subfield>
      </datafield>
      <datafield tag="551" ind1="1" ind2=" ">
         <subfield code="a">Kassel</subfield>
         <subfield code="0">places/3900049</subfield>
      </datafield>
      <datafield tag="667" ind1=" " ind2=" ">
         <subfield code="a">Published sources: 136</subfield>
      </datafield>
      <datafield tag="680" ind1="1" ind2=" ">
         <subfield code="a">Die Bibliothek der Musikakademie der Stadt Kassel "Louis Spohr" wird zur Zeit zu einer Musikabteilung der Stadtbibliothek umstrukturiert. Sie ist deshalb zur Zeit öffentlich nicht zugänglich.</subfield>
      </datafield>
      <datafield tag="710" ind1="1" ind2=" ">
         <subfield code="a">Stadtbibliothek, Musikabteilung</subfield>
         <subfield code="0">institutions/51005526</subfield>
      </datafield>
   </record>