
   <record>
      <leader>00000nz  a2200000nc 4500</leader>
      <controlfield tag="001">institutions/51008593</controlfield>
      <controlfield tag="003">DE-633</controlfield>
      <controlfield tag="005">20250620052323.0</controlfield>
      <controlfield tag="008">250312||||z|||a|||||||||||||||||n||||||d</controlfield>
      <datafield tag="024" ind1="7" ind2=" ">
         <subfield code="a">D-KÖpfa</subfield>
         <subfield code="q">siglum</subfield>
         <subfield code="2">rism</subfield>
      </datafield>
      <datafield tag="034" ind1="1" ind2=" ">
         <subfield code="d">11.97305166736867</subfield>
         <subfield code="f">51.749132170683744</subfield>
      </datafield>
      <datafield tag="040" ind1=" " ind2=" ">
         <subfield code="a">DE-633</subfield>
         <subfield code="b">ger</subfield>
         <subfield code="c">DE-633</subfield>
         <subfield code="e">rismg</subfield>
      </datafield>
      <datafield tag="043" ind1=" " ind2=" ">
         <subfield code="c">XA-DE</subfield>
      </datafield>
      <datafield tag="110" ind1="1" ind2=" ">
         <subfield code="a">Pfarramt St. Agnus</subfield>
         <subfield code="c">Köthen</subfield>
         <subfield code="g">D-KÖpfa</subfield>
      </datafield>
      <datafield tag="368" ind1=" " ind2=" ">
         <subfield code="a">Institution</subfield>
         <subfield code="a">Library</subfield>
      </datafield>
      <datafield tag="371" ind1=" " ind2=" ">
         <subfield code="a">Gemeindebüro der Evangelischen Kirchengemeinde St. Agnus</subfield>
         <subfield code="a">Pfarramt Hallesche Straße 15</subfield>
         <subfield code="b">Köthen</subfield>
         <subfield code="c">Sachsen-Anhalt</subfield>
         <subfield code="d">Gerrmany</subfield>
         <subfield code="e">06366</subfield>
         <subfield code="m">hans-christian.beutel@kircheanhalt.de</subfield>
         <subfield code="u">https://www.evangelisch-koethen.de/</subfield>
         <subfield code="z">contact: Hans-Christian Beutel</subfield>
         <subfield code="z">tel: +49 / (0)3496 / 212084</subfield>
      </datafield>
      <datafield tag="551" ind1="1" ind2=" ">
         <subfield code="a">Köthen</subfield>
         <subfield code="0">places/3900358</subfield>
      </datafield>
   </record>