
   <record>
      <leader>00000nz  a2200000nc 4500</leader>
      <controlfield tag="001">institutions/30002914</controlfield>
      <controlfield tag="003">DE-633</controlfield>
      <controlfield tag="005">20250620052017.0</controlfield>
      <controlfield tag="008">161109||||z|||a|||||||||||||||||n||||||d</controlfield>
      <datafield tag="024" ind1="7" ind2=" ">
         <subfield code="a">33159032527101180989</subfield>
         <subfield code="2">VIAF</subfield>
      </datafield>
      <datafield tag="024" ind1="7" ind2=" ">
         <subfield code="a">D-LEIL</subfield>
         <subfield code="q">siglum</subfield>
         <subfield code="2">rism</subfield>
      </datafield>
      <datafield tag="034" ind1="1" ind2=" ">
         <subfield code="d">11.745451457626112</subfield>
         <subfield code="f">51.08340798081377</subfield>
      </datafield>
      <datafield tag="040" ind1=" " ind2=" ">
         <subfield code="a">DE-633</subfield>
         <subfield code="c">DE-633</subfield>
         <subfield code="e">rismg</subfield>
      </datafield>
      <datafield tag="043" ind1=" " ind2=" ">
         <subfield code="c">XA-DE</subfield>
      </datafield>
      <datafield tag="110" ind1="1" ind2=" ">
         <subfield code="a">Evangelische Kirchengemeinde Leislau, Pfarrarchiv</subfield>
         <subfield code="c">Leislau</subfield>
         <subfield code="g">D-LEIL</subfield>
      </datafield>
      <datafield tag="368" ind1=" " ind2=" ">
         <subfield code="a">Institution</subfield>
         <subfield code="a">Archive</subfield>
         <subfield code="a">Library</subfield>
      </datafield>
      <datafield tag="371" ind1=" " ind2=" ">
         <subfield code="a">c/o Pfarrbereich Camburg-Leislau</subfield>
         <subfield code="a">Kirchplatz 8</subfield>
         <subfield code="b">Dornburg-Camburg</subfield>
         <subfield code="c">Thüringen</subfield>
         <subfield code="d">Germany</subfield>
         <subfield code="e">07774</subfield>
         <subfield code="m">dorothea.gressler@ekmd.de</subfield>
         <subfield code="u">https://www.ekmd.de/kirche/kirchenkreise/eisenberg/camburg-leislau/</subfield>
         <subfield code="u">https://www.ekmd.de/kirche/kirchenkreise/eisenberg/camburg-leislau/kgv-leislau/leislau/kirche/</subfield>
         <subfield code="z">contact: Kantorin Dorothea Greßler</subfield>
         <subfield code="z">tel: +49 / (0)36421 / 31168</subfield>
      </datafield>
      <datafield tag="410" ind1=" " ind2=" ">
         <subfield code="a">Kirchspiel Camburg-Leislau, Evangelische Kirchengemeinde Leislau, Pfarrarchiv</subfield>
      </datafield>
      <datafield tag="551" ind1="1" ind2=" ">
         <subfield code="a">Leislau</subfield>
         <subfield code="0">places/3903658</subfield>
      </datafield>
   </record>