
   <record>
      <leader>00000nz  a2200000nc 4500</leader>
      <controlfield tag="001">institutions/51008067</controlfield>
      <controlfield tag="003">DE-633</controlfield>
      <controlfield tag="005">20250620052319.0</controlfield>
      <controlfield tag="008">240626||||z|||a|||||||||||||||||n||||||d</controlfield>
      <datafield tag="024" ind1="7" ind2=" ">
         <subfield code="a">D-LEat</subfield>
         <subfield code="q">siglum</subfield>
         <subfield code="2">rism</subfield>
      </datafield>
      <datafield tag="034" ind1="1" ind2=" ">
         <subfield code="d">12.372662038074846</subfield>
         <subfield code="f">51.33934713871689</subfield>
      </datafield>
      <datafield tag="040" ind1=" " ind2=" ">
         <subfield code="a">DE-633</subfield>
         <subfield code="c">DE-633</subfield>
         <subfield code="e">rismg</subfield>
      </datafield>
      <datafield tag="043" ind1=" " ind2=" ">
         <subfield code="c">XA-DE</subfield>
      </datafield>
      <datafield tag="110" ind1="1" ind2=" ">
         <subfield code="a">Archiv der Evangelisch-Lutherischen Kirchgemeinde St. Thomas</subfield>
         <subfield code="c">Leipzig</subfield>
         <subfield code="g">D-LEat</subfield>
      </datafield>
      <datafield tag="368" ind1=" " ind2=" ">
         <subfield code="a">Institution</subfield>
         <subfield code="a">Archive</subfield>
         <subfield code="a">Library</subfield>
      </datafield>
      <datafield tag="371" ind1=" " ind2=" ">
         <subfield code="a">Thomaskirchhof 18</subfield>
         <subfield code="b">Leipzig</subfield>
         <subfield code="c">Sachsen</subfield>
         <subfield code="d">Germany</subfield>
         <subfield code="e">04109</subfield>
         <subfield code="m">info@thomaskirche.org</subfield>
         <subfield code="u">https://www.thomaskirche.org/</subfield>
         <subfield code="z">tel: +49 / (0)341 / 222 24 - 0</subfield>
         <subfield code="z">fax: +49 / (0)341 / 222 24 - 105</subfield>
      </datafield>
      <datafield tag="551" ind1="1" ind2=" ">
         <subfield code="a">Leipzig</subfield>
         <subfield code="0">places/3900064</subfield>
      </datafield>
   </record>