
   <record>
      <leader>00000nz  a2200000nc 4500</leader>
      <controlfield tag="001">institutions/30000052</controlfield>
      <controlfield tag="003">DE-633</controlfield>
      <controlfield tag="005">20250620051952.0</controlfield>
      <controlfield tag="008">161109||||z|||a|||||||||||||||||n||||||d</controlfield>
      <datafield tag="024" ind1="7" ind2=" ">
         <subfield code="a">DE-L326</subfield>
         <subfield code="2">ISIL</subfield>
      </datafield>
      <datafield tag="024" ind1="7" ind2=" ">
         <subfield code="a">1002954-0</subfield>
         <subfield code="2">DNB</subfield>
      </datafield>
      <datafield tag="024" ind1="7" ind2=" ">
         <subfield code="a">Q798038</subfield>
         <subfield code="2">WKP</subfield>
      </datafield>
      <datafield tag="024" ind1="7" ind2=" ">
         <subfield code="a">D-LEb</subfield>
         <subfield code="q">siglum</subfield>
         <subfield code="2">rism</subfield>
      </datafield>
      <datafield tag="034" ind1="1" ind2=" ">
         <subfield code="d">12.372407</subfield>
         <subfield code="f">51.338886</subfield>
      </datafield>
      <datafield tag="040" ind1=" " ind2=" ">
         <subfield code="a">DE-633</subfield>
         <subfield code="c">DE-633</subfield>
         <subfield code="e">rismg</subfield>
      </datafield>
      <datafield tag="043" ind1=" " ind2=" ">
         <subfield code="c">XA-DE</subfield>
      </datafield>
      <datafield tag="110" ind1="1" ind2=" ">
         <subfield code="a">Bach-Archiv</subfield>
         <subfield code="c">Leipzig</subfield>
         <subfield code="g">D-LEb</subfield>
      </datafield>
      <datafield tag="368" ind1=" " ind2=" ">
         <subfield code="a">Institution</subfield>
         <subfield code="a">Library</subfield>
         <subfield code="a">Archive</subfield>
      </datafield>
      <datafield tag="371" ind1=" " ind2=" ">
         <subfield code="a">Thomaskirchhof 15-16</subfield>
         <subfield code="b">Leipzig</subfield>
         <subfield code="c">Sachsen</subfield>
         <subfield code="d">Germany</subfield>
         <subfield code="e">04109</subfield>
         <subfield code="m">info@bach-leipzig.de</subfield>
         <subfield code="u">https://www.bacharchivleipzig.de/de/bach-archiv</subfield>
         <subfield code="z">tel: +49 / (0)341 / 9137-0</subfield>
         <subfield code="z">fax: +49 / (0)341 / 9137-105</subfield>
      </datafield>
      <datafield tag="410" ind1=" " ind2=" ">
         <subfield code="a">Nationale Forschungs- und Gedenkstätten J. S. Bach, Bach-Archiv</subfield>
      </datafield>
      <datafield tag="551" ind1="1" ind2=" ">
         <subfield code="a">Leipzig</subfield>
         <subfield code="0">places/3900064</subfield>
      </datafield>
      <datafield tag="667" ind1=" " ind2=" ">
         <subfield code="a">Published sources: 6104</subfield>
      </datafield>
      <datafield tag="670" ind1="1" ind2=" ">
         <subfield code="a">BärwaldB 2019</subfield>
         <subfield code="0">publications/41002487</subfield>
      </datafield>
      <datafield tag="700" ind1="1" ind2=" ">
         <subfield code="a">Bach, Johann Sebastian</subfield>
         <subfield code="d">1685-1750</subfield>
         <subfield code="0">people/2539</subfield>
      </datafield>
   </record>