
   <record>
      <leader>00000nz  a2200000nc 4500</leader>
      <controlfield tag="001">institutions/30000053</controlfield>
      <controlfield tag="003">DE-633</controlfield>
      <controlfield tag="005">20250620051952.0</controlfield>
      <controlfield tag="008">161109||||z|||a|||||||||||||||||n||||||d</controlfield>
      <datafield tag="024" ind1="7" ind2=" ">
         <subfield code="a">D-LEm</subfield>
         <subfield code="q">siglum</subfield>
         <subfield code="2">rism</subfield>
      </datafield>
      <datafield tag="034" ind1="1" ind2=" ">
         <subfield code="d">12.374781611511082</subfield>
         <subfield code="f">51.33409734528855</subfield>
      </datafield>
      <datafield tag="040" ind1=" " ind2=" ">
         <subfield code="a">DE-633</subfield>
         <subfield code="c">DE-633</subfield>
         <subfield code="e">rismg</subfield>
      </datafield>
      <datafield tag="043" ind1=" " ind2=" ">
         <subfield code="c">XA-DE</subfield>
      </datafield>
      <datafield tag="110" ind1="1" ind2=" ">
         <subfield code="a">Leipziger Stadtbibliothek - Musikbibliothek</subfield>
         <subfield code="c">Leipzig</subfield>
         <subfield code="g">D-LEm</subfield>
      </datafield>
      <datafield tag="368" ind1=" " ind2=" ">
         <subfield code="a">Institution</subfield>
         <subfield code="a">Library</subfield>
      </datafield>
      <datafield tag="371" ind1=" " ind2=" ">
         <subfield code="a">Wilhelm-Leuschner-Platz 10/11</subfield>
         <subfield code="b">04107 Leipzig</subfield>
         <subfield code="c">Sachsen</subfield>
         <subfield code="d">Germany</subfield>
         <subfield code="m">musikbibliothek.sondersammlungen@leipzig.de</subfield>
         <subfield code="u">https://stadtbibliothek.leipzig.de/unsere-bibliotheken/leipziger-stadtbibliothek/</subfield>
      </datafield>
      <datafield tag="410" ind1=" " ind2=" ">
         <subfield code="a">Städtische Bibliotheken, Musikbibliothek</subfield>
      </datafield>
      <datafield tag="551" ind1="1" ind2=" ">
         <subfield code="a">Leipzig</subfield>
         <subfield code="0">places/3900064</subfield>
      </datafield>
      <datafield tag="667" ind1=" " ind2=" ">
         <subfield code="a">Published sources: 12511</subfield>
      </datafield>
      <datafield tag="710" ind1="1" ind2=" ">
         <subfield code="a">Leipziger Stadtbibliothek</subfield>
         <subfield code="0">institutions/30002859</subfield>
      </datafield>
   </record>