
   <record>
      <leader>00000nz  a2200000nc 4500</leader>
      <controlfield tag="001">institutions/30000054</controlfield>
      <controlfield tag="003">DE-633</controlfield>
      <controlfield tag="005">20250620051952.0</controlfield>
      <controlfield tag="008">161109||||z|||a|||||||||||||||||n||||||d</controlfield>
      <datafield tag="024" ind1="7" ind2=" ">
         <subfield code="a">D-LEmi</subfield>
         <subfield code="q">siglum</subfield>
         <subfield code="2">rism</subfield>
      </datafield>
      <datafield tag="034" ind1="1" ind2=" ">
         <subfield code="d">12.376970</subfield>
         <subfield code="f">51.338477</subfield>
      </datafield>
      <datafield tag="040" ind1=" " ind2=" ">
         <subfield code="a">DE-633</subfield>
         <subfield code="c">DE-633</subfield>
         <subfield code="e">rismg</subfield>
      </datafield>
      <datafield tag="043" ind1=" " ind2=" ">
         <subfield code="c">XA-DE</subfield>
      </datafield>
      <datafield tag="110" ind1="1" ind2=" ">
         <subfield code="a">Universitätsbibliothek Leipzig, Bibliothek Musik</subfield>
         <subfield code="c">Leipzig</subfield>
         <subfield code="g">D-LEmi</subfield>
      </datafield>
      <datafield tag="368" ind1=" " ind2=" ">
         <subfield code="a">Institution</subfield>
         <subfield code="a">Library</subfield>
      </datafield>
      <datafield tag="371" ind1=" " ind2=" ">
         <subfield code="a">Neumarkt 9–19</subfield>
         <subfield code="a">Aufgang D</subfield>
         <subfield code="a">Städtisches Kaufhaus</subfield>
         <subfield code="b">Leipzig</subfield>
         <subfield code="c">Sachsen</subfield>
         <subfield code="d">Germany</subfield>
         <subfield code="e">04109</subfield>
         <subfield code="m">wuensche@ub.uni-leipzig.de</subfield>
         <subfield code="u">https://www.ub.uni-leipzig.de/standorte/musik/</subfield>
         <subfield code="z">contact: Dr. Stephan Wünsche</subfield>
         <subfield code="z">tel: +49 / (0)341 / 97 30564</subfield>
      </datafield>
      <datafield tag="410" ind1=" " ind2=" ">
         <subfield code="a">Universität, Zweigbibliothek Musikwissenschaft und Musikpädagogik</subfield>
      </datafield>
      <datafield tag="410" ind1=" " ind2=" ">
         <subfield code="a">Sektion Kulturwissenschaften und Germanistik der Karl-Marx-Universität, Bibliothek</subfield>
      </datafield>
      <datafield tag="410" ind1=" " ind2=" ">
         <subfield code="a">Karl-Marx-Universität, Universitätsbibliothek, Bibliothek des ehem. Instituts für Musikwissenschaft</subfield>
      </datafield>
      <datafield tag="410" ind1=" " ind2=" ">
         <subfield code="a">Institut für Musikwissenschaft und Musikinstrumentenmuseum, Bibliothek</subfield>
      </datafield>
      <datafield tag="551" ind1="1" ind2=" ">
         <subfield code="a">Leipzig</subfield>
         <subfield code="0">places/3900064</subfield>
      </datafield>
      <datafield tag="580" ind1="1" ind2=" ">
         <subfield code="x">D-LEu</subfield>
         <subfield code="0">institutions/30001210</subfield>
      </datafield>
      <datafield tag="667" ind1=" " ind2=" ">
         <subfield code="a">Published sources: 1661</subfield>
      </datafield>
      <datafield tag="680" ind1="1" ind2=" ">
         <subfield code="a">Altbestand in D-LEu.</subfield>
      </datafield>
   </record>