
   <record>
      <leader>00000nz  a2200000nc 4500</leader>
      <controlfield tag="001">institutions/51000040</controlfield>
      <controlfield tag="003">DE-633</controlfield>
      <controlfield tag="005">20250620052234.0</controlfield>
      <controlfield tag="008">170102||||z|||a|||||||||||||||||n||||||d</controlfield>
      <datafield tag="024" ind1="7" ind2=" ">
         <subfield code="a">DE-Li2</subfield>
         <subfield code="2">ISIL</subfield>
      </datafield>
      <datafield tag="024" ind1="7" ind2=" ">
         <subfield code="a">3055765-3</subfield>
         <subfield code="2">DNB</subfield>
      </datafield>
      <datafield tag="024" ind1="7" ind2=" ">
         <subfield code="a">D-LIBLd</subfield>
         <subfield code="q">siglum</subfield>
         <subfield code="2">rism</subfield>
      </datafield>
      <datafield tag="034" ind1="1" ind2=" ">
         <subfield code="d">8.067831</subfield>
         <subfield code="f">50.393870</subfield>
      </datafield>
      <datafield tag="040" ind1=" " ind2=" ">
         <subfield code="a">DE-633</subfield>
         <subfield code="c">DE-633</subfield>
         <subfield code="e">rismg</subfield>
      </datafield>
      <datafield tag="043" ind1=" " ind2=" ">
         <subfield code="c">XA-DE</subfield>
      </datafield>
      <datafield tag="110" ind1="1" ind2=" ">
         <subfield code="a">Bistum Limburg, Diözesanbibliothek</subfield>
         <subfield code="c">Limburg an der Lahn</subfield>
         <subfield code="g">D-LIBLd</subfield>
      </datafield>
      <datafield tag="368" ind1=" " ind2=" ">
         <subfield code="a">Institution</subfield>
         <subfield code="a">Library</subfield>
      </datafield>
      <datafield tag="371" ind1=" " ind2=" ">
         <subfield code="a">Weilburger Straße 16</subfield>
         <subfield code="b">Limburg an der Lahn</subfield>
         <subfield code="c">Hessen</subfield>
         <subfield code="d">Germany</subfield>
         <subfield code="e">65549</subfield>
         <subfield code="m">hartmanns@bistumlimburg.de</subfield>
         <subfield code="u">http://bibliothek.bistumlimburg.de/bibliothek/home.html</subfield>
         <subfield code="u">https://snipet.bistumlimburg.info/Codex_TIF/index.html#/0</subfield>
         <subfield code="z">tel: +49 / (0)6431 / 295-806</subfield>
         <subfield code="z">fax: +49 / (0)6431 / 2007-99</subfield>
         <subfield code="z">Leiterin: Dr. Stephanie Hartmann</subfield>
      </datafield>
      <datafield tag="551" ind1="1" ind2=" ">
         <subfield code="a">Limburg, Lahn</subfield>
         <subfield code="0">places/3902515</subfield>
      </datafield>
      <datafield tag="680" ind1="1" ind2=" ">
         <subfield code="a">Besonders hervorzuheben ist der Codex Wirzenbornensis. Siehe die Onlineversion.</subfield>
      </datafield>
   </record>