
   <record>
      <leader>00000nz  a2200000nc 4500</leader>
      <controlfield tag="001">institutions/51002613</controlfield>
      <controlfield tag="003">DE-633</controlfield>
      <controlfield tag="005">20250620052246.0</controlfield>
      <controlfield tag="008">190118||||z|||a|||||||||||||||||n||||||d</controlfield>
      <datafield tag="024" ind1="7" ind2=" ">
         <subfield code="a">D-LIBLda</subfield>
         <subfield code="q">siglum</subfield>
         <subfield code="2">rism</subfield>
      </datafield>
      <datafield tag="034" ind1="1" ind2=" ">
         <subfield code="d">8.067380</subfield>
         <subfield code="f">50.393972</subfield>
      </datafield>
      <datafield tag="040" ind1=" " ind2=" ">
         <subfield code="a">DE-633</subfield>
         <subfield code="c">DE-633</subfield>
         <subfield code="e">rismg</subfield>
      </datafield>
      <datafield tag="043" ind1=" " ind2=" ">
         <subfield code="c">XA-DE</subfield>
      </datafield>
      <datafield tag="110" ind1="1" ind2=" ">
         <subfield code="a">Bistum Limburg, Diözesanarchiv</subfield>
         <subfield code="c">Limburg an der Lahn</subfield>
         <subfield code="g">D-LIBLda</subfield>
      </datafield>
      <datafield tag="368" ind1=" " ind2=" ">
         <subfield code="a">Institution</subfield>
         <subfield code="a">Library</subfield>
         <subfield code="a">Archive</subfield>
      </datafield>
      <datafield tag="371" ind1=" " ind2=" ">
         <subfield code="a">Weilburger Straße 16</subfield>
         <subfield code="b">Limburg</subfield>
         <subfield code="c">Hessen</subfield>
         <subfield code="d">Germany</subfield>
         <subfield code="e">65549</subfield>
         <subfield code="m">archiv@bistumlimburg.de</subfield>
         <subfield code="u">https://bistumlimburg.de/beitrag/dioezesanarchiv/</subfield>
         <subfield code="z">tel: +49 / (0)6431 / 295-846</subfield>
      </datafield>
      <datafield tag="551" ind1="1" ind2=" ">
         <subfield code="a">Limburg, Lahn</subfield>
         <subfield code="0">places/3902515</subfield>
      </datafield>
   </record>