
   <record>
      <leader>00000nz  a2200000nc 4500</leader>
      <controlfield tag="001">institutions/51000494</controlfield>
      <controlfield tag="003">DE-633</controlfield>
      <controlfield tag="005">20250620052237.0</controlfield>
      <controlfield tag="008">171107||||z|||a|||||||||||||||||n||||||d</controlfield>
      <datafield tag="024" ind1="7" ind2=" ">
         <subfield code="a">141940142</subfield>
         <subfield code="2">VIAF</subfield>
      </datafield>
      <datafield tag="024" ind1="7" ind2=" ">
         <subfield code="a">D-LIBhm</subfield>
         <subfield code="q">siglum</subfield>
         <subfield code="2">rism</subfield>
      </datafield>
      <datafield tag="034" ind1="1" ind2=" ">
         <subfield code="d">11.672070</subfield>
         <subfield code="f">50.388474</subfield>
      </datafield>
      <datafield tag="040" ind1=" " ind2=" ">
         <subfield code="a">DE-633</subfield>
         <subfield code="c">DE-633</subfield>
         <subfield code="e">rismg</subfield>
      </datafield>
      <datafield tag="043" ind1=" " ind2=" ">
         <subfield code="c">XA-DE</subfield>
      </datafield>
      <datafield tag="110" ind1="1" ind2=" ">
         <subfield code="a">Internationale Musikbegegnungsstätte Haus Marteau</subfield>
         <subfield code="c">Lichtenberg</subfield>
         <subfield code="g">D-LIBhm</subfield>
      </datafield>
      <datafield tag="368" ind1=" " ind2=" ">
         <subfield code="a">Institution</subfield>
         <subfield code="a">Library</subfield>
         <subfield code="a">Other</subfield>
      </datafield>
      <datafield tag="371" ind1=" " ind2=" ">
         <subfield code="a">Standort:</subfield>
         <subfield code="a">Lobensteiner Str. 4</subfield>
         <subfield code="b">Lichtenberg</subfield>
         <subfield code="c">Bayern</subfield>
         <subfield code="d">Germany</subfield>
         <subfield code="e">95192</subfield>
         <subfield code="u">https://www.haus-marteau.de/</subfield>
         <subfield code="z">tel: +49 / (0)9288 / 6495</subfield>
      </datafield>
      <datafield tag="371" ind1=" " ind2=" ">
         <subfield code="a">Verwaltung:</subfield>
         <subfield code="a">Ludwigstraße 20</subfield>
         <subfield code="b">Bayreuth</subfield>
         <subfield code="c">Bayern</subfield>
         <subfield code="d">Germany</subfield>
         <subfield code="e">95444</subfield>
         <subfield code="z">tel: +49 / (0)921 / 604-1608</subfield>
         <subfield code="z">fax: +49 / (0)921 / 604-1606</subfield>
         <subfield code="z">contact: Dr. Ulrich Wirz</subfield>
      </datafield>
      <datafield tag="551" ind1="1" ind2=" ">
         <subfield code="a">Lichtenberg</subfield>
         <subfield code="0">places/13644</subfield>
      </datafield>
      <datafield tag="667" ind1=" " ind2=" ">
         <subfield code="a">Published sources: 78</subfield>
      </datafield>
      <datafield tag="700" ind1="1" ind2=" ">
         <subfield code="a">Marteau, Henri</subfield>
         <subfield code="d">1874-1934</subfield>
         <subfield code="0">people/30044195</subfield>
         <subfield code="4">fmo</subfield>
      </datafield>
   </record>