
   <record>
      <leader>00000nz  a2200000nc 4500</leader>
      <controlfield tag="001">institutions/30006079</controlfield>
      <controlfield tag="003">DE-633</controlfield>
      <controlfield tag="005">20250620052044.0</controlfield>
      <controlfield tag="008">161109||||z|||a|||||||||||||||||n||||||d</controlfield>
      <datafield tag="024" ind1=" " ind2=" ">
         <subfield code="a">10058682-X</subfield>
         <subfield code="2">DNB</subfield>
      </datafield>
      <datafield tag="024" ind1=" " ind2=" ">
         <subfield code="a">DE-MUS-088119</subfield>
         <subfield code="2">ISIL</subfield>
      </datafield>
      <datafield tag="024" ind1="7" ind2=" ">
         <subfield code="a">D-LÜmk</subfield>
         <subfield code="q">siglum</subfield>
         <subfield code="2">rism</subfield>
      </datafield>
      <datafield tag="034" ind1="2" ind2=" ">
         <subfield code="d">10.679605</subfield>
         <subfield code="f">53.866265</subfield>
      </datafield>
      <datafield tag="040" ind1=" " ind2=" ">
         <subfield code="a">DE-633</subfield>
         <subfield code="c">DE-633</subfield>
         <subfield code="e">rismg</subfield>
      </datafield>
      <datafield tag="043" ind1=" " ind2=" ">
         <subfield code="c">XA-DE</subfield>
      </datafield>
      <datafield tag="110" ind1="2" ind2=" ">
         <subfield code="a">Museum für Kunst und Kulturgeschichte der Hansestadt Lübeck</subfield>
         <subfield code="c">Lübeck</subfield>
         <subfield code="g">D-LÜmk</subfield>
      </datafield>
      <datafield tag="368" ind1=" " ind2=" ">
         <subfield code="a">Library</subfield>
      </datafield>
      <datafield tag="368" ind1=" " ind2=" ">
         <subfield code="a">Institution</subfield>
      </datafield>
      <datafield tag="371" ind1=" " ind2=" ">
         <subfield code="a">Museum für Kunst und Kulturgeschichte,  der Hansestadt Lübeck, Verwaltung Holstentor-Museum, Düvekenstraße 21, 23552 Lübeck, Germany</subfield>
         <subfield code="u">http://museum-holstentor.de/</subfield>
      </datafield>
      <datafield tag="410" ind1="2" ind2=" ">
         <subfield code="a">Holstentor-Museum</subfield>
      </datafield>
      <datafield tag="551" ind1=" " ind2=" ">
         <subfield code="a">Lübeck</subfield>
         <subfield code="0">places/3900135</subfield>
      </datafield>
   </record>