
   <record>
      <leader>00000nz  a2200000nc 4500</leader>
      <controlfield tag="001">institutions/51008594</controlfield>
      <controlfield tag="003">DE-633</controlfield>
      <controlfield tag="005">20250620052323.0</controlfield>
      <controlfield tag="008">250312||||z|||a|||||||||||||||||n||||||d</controlfield>
      <datafield tag="024" ind1="7" ind2=" ">
         <subfield code="a">D-MAHpf</subfield>
         <subfield code="q">siglum</subfield>
         <subfield code="2">rism</subfield>
      </datafield>
      <datafield tag="034" ind1="1" ind2=" ">
         <subfield code="d">11.017661997385128</subfield>
         <subfield code="f">50.82101233800589</subfield>
      </datafield>
      <datafield tag="040" ind1=" " ind2=" ">
         <subfield code="a">DE-633</subfield>
         <subfield code="b">ger</subfield>
         <subfield code="c">DE-633</subfield>
         <subfield code="e">rismg</subfield>
      </datafield>
      <datafield tag="043" ind1=" " ind2=" ">
         <subfield code="c">XA-DE</subfield>
      </datafield>
      <datafield tag="110" ind1="1" ind2=" ">
         <subfield code="a">Kirchengemeinde Marlishausen, Pfarramt</subfield>
         <subfield code="c">Arnstadt (Marlishausen)</subfield>
         <subfield code="g">D-MAHpf</subfield>
      </datafield>
      <datafield tag="368" ind1=" " ind2=" ">
         <subfield code="a">Institution</subfield>
         <subfield code="a">Library</subfield>
      </datafield>
      <datafield tag="371" ind1=" " ind2=" ">
         <subfield code="a">Am Anger 2</subfield>
         <subfield code="b">Arnstadt OT Marlishausen</subfield>
         <subfield code="c">Thüringen</subfield>
         <subfield code="d">Germany</subfield>
         <subfield code="e">99310</subfield>
         <subfield code="m">marlishausen@kirche-arnstadt-ilmenau.de</subfield>
         <subfield code="u">https://www.ekmd.de/kirche/kirchenkreise/arnstadt-ilmenau/marlishausen/marlishausen/kirche-sankt-peter-paul/</subfield>
         <subfield code="z">tel: +49 / (0)3628 / 603828</subfield>
         <subfield code="z">fax: +49 / (0)3628 ( 588918</subfield>
      </datafield>
      <datafield tag="551" ind1="1" ind2=" ">
         <subfield code="a">Arnstadt</subfield>
         <subfield code="0">places/3900433</subfield>
      </datafield>
   </record>