
   <record>
      <leader>00000nz  a2200000nc 4500</leader>
      <controlfield tag="001">institutions/30077956</controlfield>
      <controlfield tag="003">DE-633</controlfield>
      <controlfield tag="005">20250620052117.0</controlfield>
      <controlfield tag="008">161109||||z|||a|||||||||||||||||n||||||d</controlfield>
      <datafield tag="024" ind1="7" ind2=" ">
         <subfield code="a">D-MAaek</subfield>
         <subfield code="q">siglum</subfield>
         <subfield code="2">rism</subfield>
      </datafield>
      <datafield tag="034" ind1="1" ind2=" ">
         <subfield code="d">11.623805533540802</subfield>
         <subfield code="f">52.13872487974379</subfield>
      </datafield>
      <datafield tag="040" ind1=" " ind2=" ">
         <subfield code="a">DE-633</subfield>
         <subfield code="c">DE-633</subfield>
         <subfield code="e">rismg</subfield>
      </datafield>
      <datafield tag="043" ind1=" " ind2=" ">
         <subfield code="c">XA-DE</subfield>
      </datafield>
      <datafield tag="110" ind1="1" ind2=" ">
         <subfield code="a">Landeskirchenarchiv Magdeburg</subfield>
         <subfield code="c">Magdeburg</subfield>
         <subfield code="g">D-MAaek</subfield>
      </datafield>
      <datafield tag="368" ind1=" " ind2=" ">
         <subfield code="a">Institution</subfield>
         <subfield code="a">Library</subfield>
         <subfield code="a">Archive</subfield>
      </datafield>
      <datafield tag="371" ind1=" " ind2=" ">
         <subfield code="a">Freiherr-vom-Stein-Str. 47</subfield>
         <subfield code="b">39108 Magdeburg</subfield>
         <subfield code="c">Sachsen-Anhalt</subfield>
         <subfield code="d">Germany</subfield>
         <subfield code="m">archiv.magdeburg@ekmd.de</subfield>
         <subfield code="u">https://www.landeskirchenarchiv-magdeburg.de/</subfield>
         <subfield code="z">tel: +49 / (0)391 / 506 659 90</subfield>
         <subfield code="z">fax: +49 / (0)391 / 506 659 96</subfield>
      </datafield>
      <datafield tag="410" ind1=" " ind2=" ">
         <subfield code="a">Archiv und Bibliothek der Kirchenprovinz Sachsen (AKPS)</subfield>
      </datafield>
      <datafield tag="410" ind1=" " ind2=" ">
         <subfield code="a">Archiv der Evangelischen Kirche der Kirchenprovinz Sachsen</subfield>
      </datafield>
      <datafield tag="551" ind1="1" ind2=" ">
         <subfield code="a">Magdeburg</subfield>
         <subfield code="0">places/3900595</subfield>
      </datafield>
      <datafield tag="667" ind1=" " ind2=" ">
         <subfield code="a">Published sources: 163</subfield>
      </datafield>
   </record>