
   <record>
      <leader>00000nz  a2200000nc 4500</leader>
      <controlfield tag="001">institutions/51004342</controlfield>
      <controlfield tag="003">DE-633</controlfield>
      <controlfield tag="005">20250620052255.0</controlfield>
      <controlfield tag="008">200917||||z|||a|||||||||||||||||n||||||d</controlfield>
      <datafield tag="024" ind1="7" ind2=" ">
         <subfield code="a">156115687</subfield>
         <subfield code="2">VIAF</subfield>
      </datafield>
      <datafield tag="024" ind1="7" ind2=" ">
         <subfield code="a">D-MBsta</subfield>
         <subfield code="q">siglum</subfield>
         <subfield code="2">rism</subfield>
      </datafield>
      <datafield tag="040" ind1=" " ind2=" ">
         <subfield code="a">DE-633</subfield>
         <subfield code="c">DE-633</subfield>
         <subfield code="e">rismg</subfield>
      </datafield>
      <datafield tag="043" ind1=" " ind2=" ">
         <subfield code="c">XA-DE</subfield>
      </datafield>
      <datafield tag="110" ind1="1" ind2=" ">
         <subfield code="a">Stadtarchiv</subfield>
         <subfield code="c">Marbach am Neckar</subfield>
         <subfield code="g">D-MBsta</subfield>
      </datafield>
      <datafield tag="368" ind1=" " ind2=" ">
         <subfield code="a">Institution</subfield>
         <subfield code="a">Library</subfield>
         <subfield code="a">Archive</subfield>
      </datafield>
      <datafield tag="371" ind1=" " ind2=" ">
         <subfield code="a">Schillerhöhe 12/1</subfield>
         <subfield code="b">Marbach am Neckar</subfield>
         <subfield code="c">Baden-Württemberg</subfield>
         <subfield code="d">Germany</subfield>
         <subfield code="e">71672</subfield>
         <subfield code="u">https://www.schillerstadt-marbach.de/stadt-politik/stadt/einrichtungen/stadtarchiv/</subfield>
         <subfield code="z">contact: Stadtarchivar Albrecht Gühring</subfield>
         <subfield code="z">tel: +49 / (0)7144 / 45 15</subfield>
         <subfield code="z">fax: +49 / (0)7144 / 33 32 43</subfield>
      </datafield>
      <datafield tag="551" ind1="1" ind2=" ">
         <subfield code="a">Marbach am Neckar</subfield>
         <subfield code="0">places/3903022</subfield>
      </datafield>
      <datafield tag="667" ind1=" " ind2=" ">
         <subfield code="a">Published sources: 1</subfield>
      </datafield>
   </record>