
   <record>
      <leader>00000nz  a2200000nc 4500</leader>
      <controlfield tag="001">institutions/51008595</controlfield>
      <controlfield tag="003">DE-633</controlfield>
      <controlfield tag="005">20250620052323.0</controlfield>
      <controlfield tag="008">250312||||z|||a|||||||||||||||||n||||||d</controlfield>
      <datafield tag="024" ind1="7" ind2=" ">
         <subfield code="a">D-MELLpf</subfield>
         <subfield code="q">siglum</subfield>
         <subfield code="2">rism</subfield>
      </datafield>
      <datafield tag="034" ind1="1" ind2=" ">
         <subfield code="d">11.395401826226536</subfield>
         <subfield code="f">50.94228663196428</subfield>
      </datafield>
      <datafield tag="040" ind1=" " ind2=" ">
         <subfield code="a">DE-633</subfield>
         <subfield code="b">ger</subfield>
         <subfield code="c">DE-633</subfield>
         <subfield code="e">rismg</subfield>
      </datafield>
      <datafield tag="043" ind1=" " ind2=" ">
         <subfield code="c">XA-DE</subfield>
      </datafield>
      <datafield tag="110" ind1="1" ind2=" ">
         <subfield code="a">Kirchengemeinde Mellingen, Pfarramt</subfield>
         <subfield code="c">Mellingen</subfield>
         <subfield code="g">D-MELLpf</subfield>
      </datafield>
      <datafield tag="368" ind1=" " ind2=" ">
         <subfield code="a">Institution</subfield>
         <subfield code="a">Library</subfield>
      </datafield>
      <datafield tag="371" ind1=" " ind2=" ">
         <subfield code="a">Kirchgasse, 63</subfield>
         <subfield code="b">Mellingen</subfield>
         <subfield code="c">Thüringen</subfield>
         <subfield code="d">Germany</subfield>
         <subfield code="e">99441</subfield>
         <subfield code="m">ev.pfarramt.mellingen@gmx.de</subfield>
         <subfield code="u">https://www.kirchenkreis-weimar.de/kirchenkreis/gemeinden-und-kirchen/mellingen-umpferstedt/</subfield>
         <subfield code="z">tel: +49 / (0)36453 / 80209</subfield>
         <subfield code="z">fax: +49 / (0)36453 / 82144</subfield>
      </datafield>
      <datafield tag="551" ind1="1" ind2=" ">
         <subfield code="a">Mellingen</subfield>
         <subfield code="0">places/50011254</subfield>
      </datafield>
   </record>