
   <record>
      <leader>00000nz  a2200000nc 4500</leader>
      <controlfield tag="001">institutions/30002922</controlfield>
      <controlfield tag="003">DE-633</controlfield>
      <controlfield tag="005">20250620052017.0</controlfield>
      <controlfield tag="008">161109||||z|||a|||||||||||||||||n||||||d</controlfield>
      <datafield tag="024" ind1="7" ind2=" ">
         <subfield code="a">D-MLHe</subfield>
         <subfield code="q">siglum</subfield>
         <subfield code="2">rism</subfield>
      </datafield>
      <datafield tag="034" ind1="1" ind2=" ">
         <subfield code="d">10.454685</subfield>
         <subfield code="f">51.209860</subfield>
      </datafield>
      <datafield tag="040" ind1=" " ind2=" ">
         <subfield code="a">DE-633</subfield>
         <subfield code="c">DE-633</subfield>
         <subfield code="e">rismg</subfield>
      </datafield>
      <datafield tag="043" ind1=" " ind2=" ">
         <subfield code="c">XA-DE</subfield>
      </datafield>
      <datafield tag="110" ind1="1" ind2=" ">
         <subfield code="a">Evangelischer Kirchenkreis Mühlhausen Superintendentur - Archiv</subfield>
         <subfield code="c">Mühlhausen (Thüringen)</subfield>
         <subfield code="g">D-MLHe</subfield>
      </datafield>
      <datafield tag="368" ind1=" " ind2=" ">
         <subfield code="a">Institution</subfield>
         <subfield code="a">Library</subfield>
         <subfield code="a">Archive</subfield>
      </datafield>
      <datafield tag="371" ind1=" " ind2=" ">
         <subfield code="a">Bei der Marienkirche 9</subfield>
         <subfield code="b">Mühlhausen</subfield>
         <subfield code="c">Thüringen</subfield>
         <subfield code="d">Germany</subfield>
         <subfield code="e">99974</subfield>
         <subfield code="m">archiv@kirchenkreis-muehlhausen.de</subfield>
         <subfield code="u">https://www.kirchenkreis-muehlhausen.de/index.php?id=17</subfield>
         <subfield code="z">tel: +49 / (0)3601 / 837970</subfield>
         <subfield code="z">fax: +49 / (0)3601 / 837927</subfield>
      </datafield>
      <datafield tag="410" ind1=" " ind2=" ">
         <subfield code="a">Ephoralarchiv</subfield>
      </datafield>
      <datafield tag="551" ind1="1" ind2=" ">
         <subfield code="a">Mühlhausen (Thüringen)</subfield>
         <subfield code="0">places/3902789</subfield>
      </datafield>
   </record>