
   <record>
      <leader>00000nz  a2200000nc 4500</leader>
      <controlfield tag="001">institutions/30003275</controlfield>
      <controlfield tag="003">DE-633</controlfield>
      <controlfield tag="005">20250620052020.0</controlfield>
      <controlfield tag="008">161109||||z|||a|||||||||||||||||n||||||d</controlfield>
      <datafield tag="024" ind1="7" ind2=" ">
         <subfield code="a">Q938368</subfield>
         <subfield code="2">WKP</subfield>
      </datafield>
      <datafield tag="024" ind1="7" ind2=" ">
         <subfield code="a">D-MOSp</subfield>
         <subfield code="q">siglum</subfield>
         <subfield code="2">rism</subfield>
      </datafield>
      <datafield tag="034" ind1="1" ind2=" ">
         <subfield code="d">9.146822546252489</subfield>
         <subfield code="f">49.352307533854265</subfield>
      </datafield>
      <datafield tag="040" ind1=" " ind2=" ">
         <subfield code="a">DE-633</subfield>
         <subfield code="c">DE-633</subfield>
         <subfield code="e">rismg</subfield>
      </datafield>
      <datafield tag="043" ind1=" " ind2=" ">
         <subfield code="c">XA-DE</subfield>
      </datafield>
      <datafield tag="110" ind1="1" ind2=" ">
         <subfield code="a">Stiftskirche St. Juliana, Pfarrbibliothek</subfield>
         <subfield code="c">Mosbach</subfield>
         <subfield code="g">D-MOSp</subfield>
      </datafield>
      <datafield tag="368" ind1=" " ind2=" ">
         <subfield code="a">Institution</subfield>
         <subfield code="a">Library</subfield>
      </datafield>
      <datafield tag="371" ind1=" " ind2=" ">
         <subfield code="a">Evang. Pfarramt Stiftsgemeinde</subfield>
         <subfield code="a">Martin-Butzer-Str. 3</subfield>
         <subfield code="b">Mosbach</subfield>
         <subfield code="c">Baden-Württemberg</subfield>
         <subfield code="d">Germany</subfield>
         <subfield code="e">74821</subfield>
         <subfield code="m">Stiftsgemeinde.Mosbach @kbz.ekiba.de</subfield>
         <subfield code="u">https://www.evang-stiftsgemeinde-mosbach.de/</subfield>
         <subfield code="z">tel: +49 / (0)6261 / 674 627 33</subfield>
         <subfield code="z">fax: +49 / (0)6261 / 674 627 48</subfield>
      </datafield>
      <datafield tag="410" ind1=" " ind2=" ">
         <subfield code="a">Simultankirche St. Juliana</subfield>
      </datafield>
      <datafield tag="410" ind1=" " ind2=" ">
         <subfield code="a">Kirche St. Juliana</subfield>
      </datafield>
      <datafield tag="551" ind1="1" ind2=" ">
         <subfield code="a">Mosbach</subfield>
         <subfield code="0">places/3901924</subfield>
      </datafield>
   </record>