
   <record>
      <leader>00000nz  a2200000nc 4500</leader>
      <controlfield tag="001">institutions/51003007</controlfield>
      <controlfield tag="003">DE-633</controlfield>
      <controlfield tag="005">20250620052248.0</controlfield>
      <controlfield tag="008">190529||||z|||a|||||||||||||||||n||||||d</controlfield>
      <datafield tag="024" ind1="7" ind2=" ">
         <subfield code="a">128167512</subfield>
         <subfield code="2">VIAF</subfield>
      </datafield>
      <datafield tag="024" ind1="7" ind2=" ">
         <subfield code="a">D-MZama</subfield>
         <subfield code="q">siglum</subfield>
         <subfield code="2">rism</subfield>
      </datafield>
      <datafield tag="034" ind1="1" ind2=" ">
         <subfield code="d">8.242656</subfield>
         <subfield code="f">49.992623</subfield>
      </datafield>
      <datafield tag="040" ind1=" " ind2=" ">
         <subfield code="a">DE-633</subfield>
         <subfield code="c">DE-633</subfield>
         <subfield code="e">rismg</subfield>
      </datafield>
      <datafield tag="043" ind1=" " ind2=" ">
         <subfield code="c">XA-DE</subfield>
      </datafield>
      <datafield tag="110" ind1="1" ind2=" ">
         <subfield code="a">Archiv für die Musik Afrikas (AMA)</subfield>
         <subfield code="c">Mainz</subfield>
         <subfield code="g">D-MZama</subfield>
      </datafield>
      <datafield tag="368" ind1=" " ind2=" ">
         <subfield code="a">Institution</subfield>
         <subfield code="a">Library</subfield>
         <subfield code="a">Archive</subfield>
      </datafield>
      <datafield tag="371" ind1=" " ind2=" ">
         <subfield code="a">Institut für Ethnologie und Afrikastudien</subfield>
         <subfield code="a">Raum 01-673</subfield>
         <subfield code="a">Forum Universitatis 6</subfield>
         <subfield code="b">Mainz</subfield>
         <subfield code="c">Rheinland-Pfalz</subfield>
         <subfield code="d">Germany</subfield>
         <subfield code="e">55099</subfield>
         <subfield code="m">dorschh@uni-mainz.de</subfield>
         <subfield code="u">https://www.ama.ifeas.uni-mainz.de/</subfield>
         <subfield code="z">contact: Dr. Hauke Dorsch</subfield>
         <subfield code="z">tel: +49 / (0)6131 / 39 23349</subfield>
         <subfield code="z">fax: +49 / (0)6131 / 39 23730</subfield>
      </datafield>
      <datafield tag="551" ind1="1" ind2=" ">
         <subfield code="a">Mainz</subfield>
         <subfield code="0">places/3900239</subfield>
      </datafield>
   </record>