
   <record>
      <leader>00000nz  a2200000nc 4500</leader>
      <controlfield tag="001">institutions/51003008</controlfield>
      <controlfield tag="003">DE-633</controlfield>
      <controlfield tag="005">20250620052248.0</controlfield>
      <controlfield tag="008">190529||||z|||a|||||||||||||||||n||||||d</controlfield>
      <datafield tag="024" ind1="7" ind2=" ">
         <subfield code="a">149747111</subfield>
         <subfield code="2">VIAF</subfield>
      </datafield>
      <datafield tag="024" ind1="7" ind2=" ">
         <subfield code="a">D-MZest</subfield>
         <subfield code="q">siglum</subfield>
         <subfield code="2">rism</subfield>
      </datafield>
      <datafield tag="034" ind1="1" ind2=" ">
         <subfield code="d">8.244359</subfield>
         <subfield code="f">49.994771</subfield>
      </datafield>
      <datafield tag="040" ind1=" " ind2=" ">
         <subfield code="a">DE-633</subfield>
         <subfield code="c">DE-633</subfield>
         <subfield code="e">rismg</subfield>
      </datafield>
      <datafield tag="043" ind1=" " ind2=" ">
         <subfield code="c">XA-DE</subfield>
      </datafield>
      <datafield tag="110" ind1="1" ind2=" ">
         <subfield code="a">Ethnografische Studiensammlung</subfield>
         <subfield code="c">Mainz</subfield>
         <subfield code="g">D-MZest</subfield>
      </datafield>
      <datafield tag="368" ind1=" " ind2=" ">
         <subfield code="a">Institution</subfield>
         <subfield code="a">Library</subfield>
         <subfield code="a">Other</subfield>
      </datafield>
      <datafield tag="371" ind1=" " ind2=" ">
         <subfield code="a">Institut für Ethnologie und Afrikastudien</subfield>
         <subfield code="a">Johannes Gutenberg-Universität Mainz</subfield>
         <subfield code="a">Forum universitatis 6</subfield>
         <subfield code="b">Mainz</subfield>
         <subfield code="c">Rheinland-Pfalz</subfield>
         <subfield code="d">Germany</subfield>
         <subfield code="e">55099</subfield>
         <subfield code="m">brandste@uni-mainz.de</subfield>
         <subfield code="u">http://www.ifeas.uni-mainz.de/1007.php</subfield>
         <subfield code="z">contact: Dr. Anna-Maria Brandstetter</subfield>
         <subfield code="z">tel: +49 / (0)6131 / 3920119</subfield>
         <subfield code="z">fax: +49 / (0)6131 / 3923730</subfield>
      </datafield>
      <datafield tag="551" ind1="1" ind2=" ">
         <subfield code="a">Mainz</subfield>
         <subfield code="0">places/3900239</subfield>
      </datafield>
   </record>