
   <record>
      <leader>00000nz  a2200000nc 4500</leader>
      <controlfield tag="001">institutions/30000931</controlfield>
      <controlfield tag="003">DE-633</controlfield>
      <controlfield tag="005">20250620052000.0</controlfield>
      <controlfield tag="008">161109||||z|||a|||||||||||||||||n||||||d</controlfield>
      <datafield tag="024" ind1=" " ind2=" ">
         <subfield code="a">107060884X</subfield>
         <subfield code="2">DNB</subfield>
      </datafield>
      <datafield tag="024" ind1="7" ind2=" ">
         <subfield code="a">D-MZsch</subfield>
         <subfield code="q">siglum</subfield>
         <subfield code="2">rism</subfield>
      </datafield>
      <datafield tag="034" ind1="2" ind2=" ">
         <subfield code="d">8.271882</subfield>
         <subfield code="f">49.996349</subfield>
      </datafield>
      <datafield tag="040" ind1=" " ind2=" ">
         <subfield code="a">DE-633</subfield>
         <subfield code="c">DE-633</subfield>
         <subfield code="e">rismg</subfield>
      </datafield>
      <datafield tag="043" ind1=" " ind2=" ">
         <subfield code="c">XA-DE</subfield>
      </datafield>
      <datafield tag="110" ind1="2" ind2=" ">
         <subfield code="a">Schott Music GmbH &amp; Co. KG, Verlagsarchiv</subfield>
         <subfield code="c">Mainz</subfield>
         <subfield code="g">D-MZsch</subfield>
      </datafield>
      <datafield tag="368" ind1=" " ind2=" ">
         <subfield code="a">Library</subfield>
      </datafield>
      <datafield tag="368" ind1=" " ind2=" ">
         <subfield code="a">Institution</subfield>
      </datafield>
      <datafield tag="371" ind1=" " ind2=" ">
         <subfield code="a">Schott Music GmbH &amp; Co. KG,, Verlagsarchiv, Weihergarten 5, 55116 Mainz, Germany</subfield>
         <subfield code="u">http://www.schott-music.com</subfield>
      </datafield>
      <datafield tag="410" ind1="2" ind2=" ">
         <subfield code="a">Musikverlag B. Schott's Söhne, Verlagsarchiv</subfield>
      </datafield>
      <datafield tag="551" ind1=" " ind2=" ">
         <subfield code="a">Mainz</subfield>
         <subfield code="0">places/3900239</subfield>
      </datafield>
      <datafield tag="667" ind1=" " ind2=" ">
         <subfield code="a">Published sources: 16412</subfield>
      </datafield>
      <datafield tag="680" ind1=" " ind2=" ">
         <subfield code="a">Das historische Archiv des Schott-Verlags in Mainz wurde 2014 von einem Käuferkonsortium unter Federführung der Bayerischen Staatsbibliothek und der Kulturstiftung der Länder erworben. Der Bestand wird in folgenden Institutionen bewahrt und erschlossen: Bayerische Staatsbibliothek, Staatsbibliothek zu Berlin – Preußischer Kulturbesitz, Beethoven-Haus (Konvolut Ludwig van Beethoven), Carl-Orff-Stiftung (Konvolut Carl Orff), Fondation Hindemith (Konvolut Paul Hindemith), Max-Reger-Institut/Elsa-Reger-Stiftung (Konvolut Max Reger), Stiftung Akademie der Künste Berlin (Konvolut Bernd Alois Zimmermann), Universitätsbibliothek Johann Christian Senckenberg (Engelbert Humperdinck).</subfield>
      </datafield>
      <datafield tag="710" ind1="2" ind2=" ">
         <subfield code="a">Staatsbibliothek zu Berlin - Preußischer Kulturbesitz, Musikabteilung</subfield>
         <subfield code="0">institutions/30000655</subfield>
      </datafield>
      <datafield tag="710" ind1="2" ind2=" ">
         <subfield code="a">Bayerische Staatsbibliothek</subfield>
         <subfield code="0">institutions/30000882</subfield>
      </datafield>
      <datafield tag="710" ind1="2" ind2=" ">
         <subfield code="a">Universitätsbibliothek Johann Christian Senckenberg. Abteilung Musik und Theater</subfield>
         <subfield code="0">institutions/30000125</subfield>
      </datafield>
      <datafield tag="710" ind1="2" ind2=" ">
         <subfield code="a">Beethoven-Haus, Forschungszentrum Beethoven-Archiv</subfield>
         <subfield code="0">institutions/30000692</subfield>
      </datafield>
      <datafield tag="710" ind1="2" ind2=" ">
         <subfield code="a">Max-Reger-Institut/ Elsa-Reger-Stiftung</subfield>
         <subfield code="0">institutions/30006426</subfield>
      </datafield>
      <datafield tag="710" ind1="2" ind2=" ">
         <subfield code="a">Archiv der Akademie der Künste, Musikarchiv</subfield>
         <subfield code="0">institutions/30003253</subfield>
      </datafield>
      <datafield tag="710" ind1="2" ind2=" ">
         <subfield code="a">Carl Orff-Stiftung</subfield>
         <subfield code="0">institutions/30080518</subfield>
      </datafield>
      <datafield tag="710" ind1="2" ind2=" ">
         <subfield code="a">Fondation Hindemith</subfield>
         <subfield code="0">institutions/30080519</subfield>
      </datafield>
   </record>