
   <record>
      <leader>00000nz  a2200000nc 4500</leader>
      <controlfield tag="001">institutions/51001654</controlfield>
      <controlfield tag="003">DE-633</controlfield>
      <controlfield tag="005">20250620052240.0</controlfield>
      <controlfield tag="008">180608||||z|||a|||||||||||||||||n||||||d</controlfield>
      <datafield tag="024" ind1="7" ind2=" ">
         <subfield code="a">D-Mahg</subfield>
         <subfield code="q">siglum</subfield>
         <subfield code="2">rism</subfield>
      </datafield>
      <datafield tag="034" ind1="1" ind2=" ">
         <subfield code="d">11.581694</subfield>
         <subfield code="f">48.149945</subfield>
      </datafield>
      <datafield tag="040" ind1=" " ind2=" ">
         <subfield code="a">DE-633</subfield>
         <subfield code="c">DE-633</subfield>
         <subfield code="e">rismg</subfield>
      </datafield>
      <datafield tag="043" ind1=" " ind2=" ">
         <subfield code="c">XA-DE</subfield>
      </datafield>
      <datafield tag="110" ind1="1" ind2=" ">
         <subfield code="a">Archiv und Sammlungen des Herzoglichen Georgianums München</subfield>
         <subfield code="c">München</subfield>
         <subfield code="g">D-Mahg</subfield>
      </datafield>
      <datafield tag="368" ind1=" " ind2=" ">
         <subfield code="a">Institution</subfield>
         <subfield code="a">Archive</subfield>
      </datafield>
      <datafield tag="371" ind1=" " ind2=" ">
         <subfield code="a">Professor-Huber-Platz 1</subfield>
         <subfield code="b">München</subfield>
         <subfield code="c">Bayern</subfield>
         <subfield code="d">Germany</subfield>
         <subfield code="e">80539</subfield>
         <subfield code="m">Claudius.Stein@Verwaltung.Uni-Muenchen.DE</subfield>
         <subfield code="u">http://www.universitaetsarchiv.uni-muenchen.de/georgianum/index.html</subfield>
         <subfield code="z">contact: Dr. Claudius Stein</subfield>
         <subfield code="z">tel: +49 / (0)89 / 2180-72116</subfield>
         <subfield code="z">fax: +49 / (0)89 / 2180-9972100</subfield>
      </datafield>
      <datafield tag="551" ind1="1" ind2=" ">
         <subfield code="a">München</subfield>
         <subfield code="0">places/3900005</subfield>
      </datafield>
      <datafield tag="580" ind1="1" ind2=" ">
         <subfield code="x">D-Mua</subfield>
         <subfield code="0">institutions/51001653</subfield>
      </datafield>
      <datafield tag="667" ind1=" " ind2=" ">
         <subfield code="a">Published sources: 977</subfield>
      </datafield>
      <datafield tag="680" ind1="1" ind2=" ">
         <subfield code="a">2008 wurden die Pflegschaft bei Archiv und Sammlungen des Herzoglichen Georgianums München dem Archiv der Ludwig-Maximilians-Universität München übertragen.</subfield>
      </datafield>
      <datafield tag="680" ind1="1" ind2=" ">
         <subfield code="a">2017 wurden die Musikhandschriften aus der Bibliothek des Herzoglichen Georgianums in "Archiv und Sammlungen des Herzoglichen Georgianums" verbracht.</subfield>
      </datafield>
      <datafield tag="680" ind1="1" ind2=" ">
         <subfield code="a">Historische Musikdrucke befinden sich nach wie vor in der Bibliothek des Herzoglichen Georgianums.</subfield>
      </datafield>
      <datafield tag="710" ind1="1" ind2=" ">
         <subfield code="a">Herzogliches Georgianum, Bibliothek</subfield>
         <subfield code="0">institutions/30000883</subfield>
      </datafield>
   </record>