
   <record>
      <leader>00000nz  a2200000nc 4500</leader>
      <controlfield tag="001">institutions/30000882</controlfield>
      <controlfield tag="003">DE-633</controlfield>
      <controlfield tag="005">20250620051959.0</controlfield>
      <controlfield tag="008">161109||||z|||a|||||||||||||||||n||||||d</controlfield>
      <datafield tag="024" ind1="7" ind2=" ">
         <subfield code="a">DE-12</subfield>
         <subfield code="2">ISIL</subfield>
      </datafield>
      <datafield tag="024" ind1="7" ind2=" ">
         <subfield code="a">2126462-4</subfield>
         <subfield code="2">DNB</subfield>
      </datafield>
      <datafield tag="024" ind1="7" ind2=" ">
         <subfield code="a">D-Mbs</subfield>
         <subfield code="q">siglum</subfield>
         <subfield code="2">rism</subfield>
      </datafield>
      <datafield tag="034" ind1="1" ind2=" ">
         <subfield code="d">11.580315831669942</subfield>
         <subfield code="f">48.147507786152296</subfield>
      </datafield>
      <datafield tag="040" ind1=" " ind2=" ">
         <subfield code="a">DE-633</subfield>
         <subfield code="c">DE-633</subfield>
         <subfield code="e">rismg</subfield>
      </datafield>
      <datafield tag="043" ind1=" " ind2=" ">
         <subfield code="c">XA-DE</subfield>
      </datafield>
      <datafield tag="110" ind1="1" ind2=" ">
         <subfield code="a">Bayerische Staatsbibliothek</subfield>
         <subfield code="c">München</subfield>
         <subfield code="g">D-Mbs</subfield>
      </datafield>
      <datafield tag="368" ind1=" " ind2=" ">
         <subfield code="a">Institution</subfield>
         <subfield code="a">Library</subfield>
      </datafield>
      <datafield tag="371" ind1=" " ind2=" ">
         <subfield code="a">Ludwigstraße 16</subfield>
         <subfield code="b">80539 München</subfield>
         <subfield code="c">Bayern</subfield>
         <subfield code="d">Germany</subfield>
         <subfield code="m">musik@bsb-muenchen.de</subfield>
         <subfield code="u">https://www.bsb-muenchen.de/</subfield>
         <subfield code="u">https://www.bsb-muenchen.de/sammlungen/musik/</subfield>
         <subfield code="z">tel: +49 / (0)89 / 28638-2353</subfield>
      </datafield>
      <datafield tag="410" ind1=" " ind2=" ">
         <subfield code="a">Musikabteilung</subfield>
      </datafield>
      <datafield tag="410" ind1=" " ind2=" ">
         <subfield code="a">Abteilung Handschriften und alte Drucke</subfield>
      </datafield>
      <datafield tag="551" ind1="1" ind2=" ">
         <subfield code="a">München</subfield>
         <subfield code="0">places/3900005</subfield>
      </datafield>
      <datafield tag="667" ind1=" " ind2=" ">
         <subfield code="a">Published sources: 114603</subfield>
      </datafield>
      <datafield tag="670" ind1="1" ind2=" ">
         <subfield code="a">MGG Online</subfield>
         <subfield code="b">GERTRAUT HABERKAMP, Art. Musikbibliotheken und Archive in: MGG Online, hrsg. von Laurenz Lütteken, New York, Kassel, Stuttgart 2016ff., veröffentlicht Juni 2021, https://www.mgg-online.com/mgg/stable/395803</subfield>
         <subfield code="u">https://www.mgg-online.com/mgg/stable/395803</subfield>
         <subfield code="0">publications/41000733</subfield>
      </datafield>
      <datafield tag="680" ind1="1" ind2=" ">
         <subfield code="a">Die Musikabteilung der Bayerischen Staatsbibliothek verwahrt fast 300 Nachlässe und personenbezogene Sammlungen aus dem Musikbereich. Auf der Website der BSB steht nun eine alphabetische Gesamtübersicht dieser Bestände zur Verfügung. Jeder Eintrag enthält Informationen zum Erschließungsstand. Bei vielen Beständen wird auf Digitalisate, Katalogeinträge im RISM-OPAC oder auf Nachlasslisten im PDF-Format verlinkt.</subfield>
      </datafield>
      <datafield tag="710" ind1="1" ind2=" ">
         <subfield code="a">Schott Music GmbH &amp; Co. KG, Verlagsarchiv</subfield>
         <subfield code="0">institutions/30000931</subfield>
      </datafield>
      <datafield tag="856" ind1="1" ind2=" ">
         <subfield code="u">https://www.bsb-muenchen.de/sammlungen/musik/nachlaesse/</subfield>
         <subfield code="z">Gesamtübersicht der Nachlässe</subfield>
      </datafield>
   </record>