
   <record>
      <leader>00000nz  a2200000nc 4500</leader>
      <controlfield tag="001">institutions/51004846</controlfield>
      <controlfield tag="003">DE-633</controlfield>
      <controlfield tag="005">20250620052258.0</controlfield>
      <controlfield tag="008">210129||||z|||a|||||||||||||||||n||||||d</controlfield>
      <datafield tag="024" ind1="7" ind2=" ">
         <subfield code="a">7548165060262232740009</subfield>
         <subfield code="2">VIAF</subfield>
      </datafield>
      <datafield tag="024" ind1="7" ind2=" ">
         <subfield code="a">Q467407</subfield>
         <subfield code="2">WKP</subfield>
      </datafield>
      <datafield tag="024" ind1="7" ind2=" ">
         <subfield code="a">D-Mgh</subfield>
         <subfield code="q">siglum</subfield>
         <subfield code="2">rism</subfield>
      </datafield>
      <datafield tag="034" ind1="1" ind2=" ">
         <subfield code="d">11.49669733362926</subfield>
         <subfield code="f">48.09066857921973</subfield>
      </datafield>
      <datafield tag="040" ind1=" " ind2=" ">
         <subfield code="a">DE-633</subfield>
         <subfield code="c">DE-633</subfield>
         <subfield code="e">rismg</subfield>
      </datafield>
      <datafield tag="043" ind1=" " ind2=" ">
         <subfield code="c">XA-DE</subfield>
      </datafield>
      <datafield tag="110" ind1="1" ind2=" ">
         <subfield code="a">G. Henle Verlag, Verlagsarchiv</subfield>
         <subfield code="c">München</subfield>
         <subfield code="g">D-Mgh</subfield>
      </datafield>
      <datafield tag="368" ind1=" " ind2=" ">
         <subfield code="a">Institution</subfield>
         <subfield code="a">Library</subfield>
         <subfield code="a">Archive</subfield>
      </datafield>
      <datafield tag="371" ind1=" " ind2=" ">
         <subfield code="a">Forstenrieder Allee 122</subfield>
         <subfield code="b">München</subfield>
         <subfield code="c">Bayern</subfield>
         <subfield code="d">Germany</subfield>
         <subfield code="e">81476</subfield>
         <subfield code="m">info@henle.de</subfield>
         <subfield code="u">https://www.henle.de/</subfield>
         <subfield code="z">tel: +49 / (0)89 / 759 82-0</subfield>
         <subfield code="z">fax: +49 / (0)89 / 759 82-40</subfield>
      </datafield>
      <datafield tag="551" ind1="1" ind2=" ">
         <subfield code="a">München</subfield>
         <subfield code="0">places/3900005</subfield>
      </datafield>
      <datafield tag="700" ind1="1" ind2=" ">
         <subfield code="a">Henle, Günter</subfield>
         <subfield code="d">1899-1979</subfield>
         <subfield code="0">people/71609</subfield>
         <subfield code="4">asn</subfield>
      </datafield>
      <datafield tag="700" ind1="1" ind2=" ">
         <subfield code="a">Bente, Martin</subfield>
         <subfield code="d">1936*</subfield>
         <subfield code="0">people/30029784</subfield>
         <subfield code="4">pbl</subfield>
      </datafield>
      <datafield tag="700" ind1="1" ind2=" ">
         <subfield code="a">Seiffert, Wolf-Dieter</subfield>
         <subfield code="d">1959*</subfield>
         <subfield code="0">people/30096691</subfield>
         <subfield code="4">pbl</subfield>
      </datafield>
   </record>