
   <record>
      <leader>00000nz  a2200000nc 4500</leader>
      <controlfield tag="001">institutions/51007216</controlfield>
      <controlfield tag="003">DE-633</controlfield>
      <controlfield tag="005">20250620052313.0</controlfield>
      <controlfield tag="008">230516||||z|||a|||||||||||||||||n||||||d</controlfield>
      <datafield tag="024" ind1="7" ind2=" ">
         <subfield code="a">4655277-7</subfield>
         <subfield code="2">DNB</subfield>
      </datafield>
      <datafield tag="024" ind1="7" ind2=" ">
         <subfield code="a">Q812403</subfield>
         <subfield code="2">WKP</subfield>
      </datafield>
      <datafield tag="024" ind1="7" ind2=" ">
         <subfield code="a">D-Mgha</subfield>
         <subfield code="q">siglum</subfield>
         <subfield code="2">rism</subfield>
      </datafield>
      <datafield tag="034" ind1="1" ind2=" ">
         <subfield code="d">11.58084493653813</subfield>
         <subfield code="f">48.14605332428965</subfield>
      </datafield>
      <datafield tag="040" ind1=" " ind2=" ">
         <subfield code="a">DE-633</subfield>
         <subfield code="c">DE-633</subfield>
         <subfield code="e">rismg</subfield>
      </datafield>
      <datafield tag="043" ind1=" " ind2=" ">
         <subfield code="c">XA-DE</subfield>
      </datafield>
      <datafield tag="110" ind1="1" ind2=" ">
         <subfield code="a">Bayerisches Hauptstaatsarchiv, Abteilung III Geheimes Hausarchiv</subfield>
         <subfield code="c">München</subfield>
         <subfield code="g">D-Mgha</subfield>
      </datafield>
      <datafield tag="368" ind1=" " ind2=" ">
         <subfield code="a">Institution</subfield>
         <subfield code="a">Library</subfield>
         <subfield code="a">Archive</subfield>
      </datafield>
      <datafield tag="371" ind1=" " ind2=" ">
         <subfield code="a">Anschrift: Schönfeldstraße 5-11</subfield>
         <subfield code="a">(Postfach 22 11 52, 80501 München)</subfield>
         <subfield code="a">Eingang: Ludwigstr. 14</subfield>
         <subfield code="b">80539 München</subfield>
         <subfield code="c">Bayern</subfield>
         <subfield code="d">Germany</subfield>
         <subfield code="m">hausarchivbayhsta.bayern.de</subfield>
         <subfield code="u">https://www.gda.bayern.de/hauptstaatsarchiv/bestaende/abteilung-iii-geheimes-hausarchiv/</subfield>
         <subfield code="z">tel: +49 / (0)89 / 28638-2517</subfield>
         <subfield code="z">fax: +49 / (0)89 / 28638-2901</subfield>
      </datafield>
      <datafield tag="551" ind1="1" ind2=" ">
         <subfield code="a">München</subfield>
         <subfield code="0">places/3900005</subfield>
      </datafield>
      <datafield tag="680" ind1="1" ind2=" ">
         <subfield code="a">Die Bestände des Geheimen Haus­archivs sind Eigentum der Stiftung Wittelsbacher Aus­gleichsfonds (WAF). Die Verwaltung des Archivs als einer Abteilung des Bayerischen Hauptstaatsarchivs obliegt dem bayerischen Staat.</subfield>
      </datafield>
   </record>