
   <record>
      <leader>00000nz  a2200000nc 4500</leader>
      <controlfield tag="001">institutions/51004804</controlfield>
      <controlfield tag="003">DE-633</controlfield>
      <controlfield tag="005">20250620052258.0</controlfield>
      <controlfield tag="008">210111||||z|||a|||||||||||||||||n||||||d</controlfield>
      <datafield tag="024" ind1="7" ind2=" ">
         <subfield code="a">D-Mlbk</subfield>
         <subfield code="q">siglum</subfield>
         <subfield code="2">rism</subfield>
      </datafield>
      <datafield tag="040" ind1=" " ind2=" ">
         <subfield code="a">DE-633</subfield>
         <subfield code="c">DE-633</subfield>
         <subfield code="e">rismg</subfield>
      </datafield>
      <datafield tag="043" ind1=" " ind2=" ">
         <subfield code="c">XA-DE</subfield>
      </datafield>
      <datafield tag="110" ind1="1" ind2=" ">
         <subfield code="a">Lokalbaukommission - Zentralregistratur</subfield>
         <subfield code="c">München</subfield>
         <subfield code="g">D-Mlbk</subfield>
      </datafield>
      <datafield tag="368" ind1=" " ind2=" ">
         <subfield code="a">Institution</subfield>
         <subfield code="a">Archive</subfield>
      </datafield>
      <datafield tag="371" ind1=" " ind2=" ">
         <subfield code="a">Blumenstraße 19</subfield>
         <subfield code="b">München</subfield>
         <subfield code="c">Bayern</subfield>
         <subfield code="d">Germany</subfield>
         <subfield code="e">80331</subfield>
         <subfield code="u">https://www.muenchen.de/rathaus/Stadtverwaltung/Referat-fuer-Stadtplanung-und-Bauordnung/Lokalbaukommission/registratur.html</subfield>
      </datafield>
      <datafield tag="551" ind1="1" ind2=" ">
         <subfield code="a">München</subfield>
         <subfield code="0">places/3900005</subfield>
      </datafield>
   </record>