
   <record>
      <leader>00000nz  a2200000nc 4500</leader>
      <controlfield tag="001">institutions/30002925</controlfield>
      <controlfield tag="003">DE-633</controlfield>
      <controlfield tag="005">20250620052017.0</controlfield>
      <controlfield tag="008">161109||||z|||a|||||||||||||||||n||||||d</controlfield>
      <datafield tag="024" ind1="7" ind2=" ">
         <subfield code="a">34159032640701181308</subfield>
         <subfield code="2">VIAF</subfield>
      </datafield>
      <datafield tag="024" ind1="7" ind2=" ">
         <subfield code="a">D-MÖCH</subfield>
         <subfield code="q">siglum</subfield>
         <subfield code="2">rism</subfield>
      </datafield>
      <datafield tag="034" ind1="1" ind2=" ">
         <subfield code="d">10.993574473589812</subfield>
         <subfield code="f">50.624149623058166</subfield>
      </datafield>
      <datafield tag="040" ind1=" " ind2=" ">
         <subfield code="a">DE-633</subfield>
         <subfield code="c">DE-633</subfield>
         <subfield code="e">rismg</subfield>
      </datafield>
      <datafield tag="043" ind1=" " ind2=" ">
         <subfield code="c">XA-DE</subfield>
      </datafield>
      <datafield tag="110" ind1="1" ind2=" ">
         <subfield code="a">Evangelische Kirchengemeinde Möhrenbach, Pfarrarchiv</subfield>
         <subfield code="c">Möhrenbach (Ilmenau)</subfield>
         <subfield code="g">D-MÖCH</subfield>
      </datafield>
      <datafield tag="368" ind1=" " ind2=" ">
         <subfield code="a">Institution</subfield>
         <subfield code="a">Archive</subfield>
         <subfield code="a">Library</subfield>
      </datafield>
      <datafield tag="371" ind1=" " ind2=" ">
         <subfield code="a">c/o Pfarrbereich Gehren</subfield>
         <subfield code="a">Untere Marktstraße 7</subfield>
         <subfield code="b">Ilmenau OT Gehren</subfield>
         <subfield code="c">Thüringen</subfield>
         <subfield code="d">Germany</subfield>
         <subfield code="e">98694</subfield>
         <subfield code="m">gehren@kirche-arnstadt-ilmenau.de</subfield>
         <subfield code="u">https://www.kirchenkreis-arnstadt-ilmenau.de/kirchenkreis/gemeinden-und-kirchen/gehren/</subfield>
         <subfield code="u">https://www.kirchenkreis-arnstadt-ilmenau.de/kirchenkreis/gemeinden-und-kirchen/gehren/moehrenbach/kirche/</subfield>
         <subfield code="z">tel: +49 / (0)36783 / 81100</subfield>
         <subfield code="z">fax: +49 / (0)36783 / 70499</subfield>
      </datafield>
      <datafield tag="410" ind1=" " ind2=" ">
         <subfield code="a">Kirchspiel Gehren, Evangelische Kirchengemeinde Möhrenbach, Pfarrarchiv</subfield>
      </datafield>
      <datafield tag="551" ind1="1" ind2=" ">
         <subfield code="a">Möhrenbach (Ilmenau)</subfield>
         <subfield code="0">places/3903666</subfield>
      </datafield>
   </record>