
   <record>
      <leader>00000nz  a2200000nc 4500</leader>
      <controlfield tag="001">institutions/30000921</controlfield>
      <controlfield tag="003">DE-633</controlfield>
      <controlfield tag="005">20250620052000.0</controlfield>
      <controlfield tag="008">161109||||z|||a|||||||||||||||||n||||||d</controlfield>
      <datafield tag="024" ind1="7" ind2=" ">
         <subfield code="a">DE-2190</subfield>
         <subfield code="2">ISIL</subfield>
      </datafield>
      <datafield tag="024" ind1="7" ind2=" ">
         <subfield code="a">16026693-2</subfield>
         <subfield code="2">DNB</subfield>
      </datafield>
      <datafield tag="024" ind1="7" ind2=" ">
         <subfield code="a">Q1802099</subfield>
         <subfield code="2">WKP</subfield>
      </datafield>
      <datafield tag="024" ind1="7" ind2=" ">
         <subfield code="a">D-MÜsa</subfield>
         <subfield code="q">siglum</subfield>
         <subfield code="2">rism</subfield>
      </datafield>
      <datafield tag="034" ind1="1" ind2=" ">
         <subfield code="d">7.634756858803796</subfield>
         <subfield code="f">51.96546257442272</subfield>
      </datafield>
      <datafield tag="040" ind1=" " ind2=" ">
         <subfield code="a">DE-633</subfield>
         <subfield code="c">DE-633</subfield>
         <subfield code="e">rismg</subfield>
      </datafield>
      <datafield tag="043" ind1=" " ind2=" ">
         <subfield code="c">XA-DE</subfield>
      </datafield>
      <datafield tag="110" ind1="1" ind2=" ">
         <subfield code="a">Landesarchiv Nordrhein-Westfalen - Abteilung Westfalen</subfield>
         <subfield code="c">Münster</subfield>
         <subfield code="g">D-MÜsa</subfield>
      </datafield>
      <datafield tag="368" ind1=" " ind2=" ">
         <subfield code="a">Institution</subfield>
         <subfield code="a">Archive</subfield>
         <subfield code="a">Library</subfield>
      </datafield>
      <datafield tag="371" ind1=" " ind2=" ">
         <subfield code="a">Bohlweg 2</subfield>
         <subfield code="b">Münster</subfield>
         <subfield code="c">Nordrhein-Westfalen</subfield>
         <subfield code="d">Germany</subfield>
         <subfield code="e">48147</subfield>
         <subfield code="m">westfalen@lav.nrw.de</subfield>
         <subfield code="u">https://www.archive.nrw.de/landesarchiv-nrw/landesarchiv-nrw-abteilung-westfalen-muenster</subfield>
         <subfield code="z">tel: +49 / (0)251 / 4885-0</subfield>
         <subfield code="z">fax: +49 / (0)251 / 4885-100</subfield>
      </datafield>
      <datafield tag="410" ind1=" " ind2=" ">
         <subfield code="a">Staatsarchiv</subfield>
      </datafield>
      <datafield tag="551" ind1="1" ind2=" ">
         <subfield code="a">Münster</subfield>
         <subfield code="0">places/3900148</subfield>
      </datafield>
   </record>