
   <record>
      <leader>00000nz  a2200000nc 4500</leader>
      <controlfield tag="001">institutions/51000020</controlfield>
      <controlfield tag="003">DE-633</controlfield>
      <controlfield tag="005">20250620052234.0</controlfield>
      <controlfield tag="008">161201||||z|||a|||||||||||||||||n||||||d</controlfield>
      <datafield tag="024" ind1="7" ind2=" ">
         <subfield code="a">D-NEZkpn</subfield>
         <subfield code="q">siglum</subfield>
         <subfield code="2">rism</subfield>
      </datafield>
      <datafield tag="034" ind1="1" ind2=" ">
         <subfield code="d">14.653856151474194</subfield>
         <subfield code="f">52.08986164336616</subfield>
      </datafield>
      <datafield tag="040" ind1=" " ind2=" ">
         <subfield code="a">DE-633</subfield>
         <subfield code="c">DE-633</subfield>
         <subfield code="e">rismg</subfield>
      </datafield>
      <datafield tag="043" ind1=" " ind2=" ">
         <subfield code="c">XA-DE</subfield>
      </datafield>
      <datafield tag="110" ind1="1" ind2=" ">
         <subfield code="a">Katholische Pfarrgemeinde Neuzelle, Musiksammlung</subfield>
         <subfield code="c">Neuzelle</subfield>
         <subfield code="g">D-NEZkpn</subfield>
      </datafield>
      <datafield tag="368" ind1=" " ind2=" ">
         <subfield code="a">Institution</subfield>
         <subfield code="a">Library</subfield>
      </datafield>
      <datafield tag="371" ind1=" " ind2=" ">
         <subfield code="a">Katholische Pfarrei Neuzelle</subfield>
         <subfield code="a">Stiftsplatz 5</subfield>
         <subfield code="b">Neuzelle</subfield>
         <subfield code="c">Brandenburg</subfield>
         <subfield code="d">Germany</subfield>
         <subfield code="e">15898</subfield>
         <subfield code="m">w.koenighaus@bistum-goerlitz.de</subfield>
         <subfield code="m">luzsinszky@stift-neuzelle.de</subfield>
         <subfield code="u">http://neuzelle-katholisch.de/home/</subfield>
         <subfield code="u">http://www.stift-neuzelle.de/</subfield>
         <subfield code="z">tel: +49 / (0)033652 / 2 82 [Pfarrei]</subfield>
         <subfield code="z">tel: +49 / (0)33652 / 81 40 [Stiftung]</subfield>
         <subfield code="z">fax: +49 / (0)33652 / 81 41 9 [Stiftung]</subfield>
         <subfield code="z">Ansprechpartner des Kirchenarchivs:  Dr. Waldemar Könighaus (E-Mail: w.koenighaus@bistum-goerlitz.de)</subfield>
         <subfield code="z">Ansprechpartnerin der Stiftung: Zsuzsanna Luzsinszky (E-Mail: luzsinszky@stift-neuzelle.de) (Tel.: +49 / (0)33652 / 81414)</subfield>
      </datafield>
      <datafield tag="410" ind1=" " ind2=" ">
         <subfield code="a">Stift Neuzelle, Musiksammlung</subfield>
      </datafield>
      <datafield tag="667" ind1=" " ind2=" ">
         <subfield code="a">Published sources: 369</subfield>
      </datafield>
      <datafield tag="680" ind1="1" ind2=" ">
         <subfield code="a">Bestand: ca. 300 musikhandschriftliche Einheiten aus dem 18. und 19. Jahrhundert.</subfield>
      </datafield>
      <datafield tag="680" ind1="1" ind2=" ">
         <subfield code="a">Projekt "Erschließung der Musikhandschriften aus dem Bestand der katholischen Pfarrgemeinde Neuzelle aus Anlass der Gründung des Klosters Neuzelle vor 750 Jahren" ab 2017 in Vorbereitung des 750. Gründungsjubiläums 2018. Geldgeber: Land Brandenburg / Ministerium für Wissenschaft, Forschung und Kultur und Stiftung Stift Neuzelle.</subfield>
      </datafield>
   </record>