
   <record>
      <leader>00000nz  a2200000nc 4500</leader>
      <controlfield tag="001">institutions/30002930</controlfield>
      <controlfield tag="003">DE-633</controlfield>
      <controlfield tag="005">20250620052017.0</controlfield>
      <controlfield tag="008">161109||||z|||a|||||||||||||||||n||||||d</controlfield>
      <datafield tag="024" ind1="7" ind2=" ">
         <subfield code="a">D-NGR</subfield>
         <subfield code="q">siglum</subfield>
         <subfield code="2">rism</subfield>
      </datafield>
      <datafield tag="034" ind1="1" ind2=" ">
         <subfield code="d">11.33427166449347</subfield>
         <subfield code="f">50.921714214731814</subfield>
      </datafield>
      <datafield tag="040" ind1=" " ind2=" ">
         <subfield code="a">DE-633</subfield>
         <subfield code="c">DE-633</subfield>
         <subfield code="e">rismg</subfield>
      </datafield>
      <datafield tag="043" ind1=" " ind2=" ">
         <subfield code="c">XA-DE</subfield>
      </datafield>
      <datafield tag="110" ind1="1" ind2=" ">
         <subfield code="a">Evangelischer Kirchengemeindeverband Buchfart-Legefeld, Kirchengemeinde Niedergrunstedt, Pfarrarchiv</subfield>
         <subfield code="c">Weimar-Niedergrunstedt</subfield>
         <subfield code="g">D-NGR</subfield>
      </datafield>
      <datafield tag="368" ind1=" " ind2=" ">
         <subfield code="a">Institution</subfield>
         <subfield code="a">Archive</subfield>
         <subfield code="a">Library</subfield>
      </datafield>
      <datafield tag="371" ind1=" " ind2=" ">
         <subfield code="a">c/o Pfarramt Buchfart</subfield>
         <subfield code="a">Brauhausgasse 14</subfield>
         <subfield code="b">Buchfart</subfield>
         <subfield code="c">Thüringen</subfield>
         <subfield code="d">Germany</subfield>
         <subfield code="e">99438</subfield>
         <subfield code="m">evangpfarramtbuchfart@t-online.de</subfield>
         <subfield code="u">https://www.kirchenkreis-weimar.de/kirchenkreis/gemeinden-und-kirchen/buchfart-legefeld/</subfield>
         <subfield code="z">tel: +49 / (0)3643 / 909038</subfield>
      </datafield>
      <datafield tag="551" ind1="1" ind2=" ">
         <subfield code="a">Weimar-Niedergrunstedt</subfield>
         <subfield code="0">places/3903670</subfield>
      </datafield>
   </record>