
   <record>
      <leader>00000nz  a2200000nc 4500</leader>
      <controlfield tag="001">institutions/30003805</controlfield>
      <controlfield tag="003">DE-633</controlfield>
      <controlfield tag="005">20250620052024.0</controlfield>
      <controlfield tag="008">161109||||z|||a|||||||||||||||||n||||||d</controlfield>
      <datafield tag="024" ind1="7" ind2=" ">
         <subfield code="a">D-NHFp</subfield>
         <subfield code="q">siglum</subfield>
         <subfield code="2">rism</subfield>
      </datafield>
      <datafield tag="034" ind1="2" ind2=" ">
         <subfield code="d">11.743799</subfield>
         <subfield code="f">50.736310</subfield>
      </datafield>
      <datafield tag="040" ind1=" " ind2=" ">
         <subfield code="a">DE-633</subfield>
         <subfield code="c">DE-633</subfield>
         <subfield code="e">rismg</subfield>
      </datafield>
      <datafield tag="043" ind1=" " ind2=" ">
         <subfield code="c">XA-DE</subfield>
      </datafield>
      <datafield tag="110" ind1="2" ind2=" ">
         <subfield code="a">Kirchspiel Neustadt an der Orla, Evangelische Kirchengemeinde Neunhofen, Pfarrarchiv</subfield>
         <subfield code="c">Neustadt an der Orla-Neunhofen</subfield>
         <subfield code="g">D-NHFp</subfield>
      </datafield>
      <datafield tag="368" ind1=" " ind2=" ">
         <subfield code="a">Library</subfield>
      </datafield>
      <datafield tag="368" ind1=" " ind2=" ">
         <subfield code="a">Institution</subfield>
      </datafield>
      <datafield tag="371" ind1=" " ind2=" ">
         <subfield code="a">Kirchspiel Neustadt an der Orla,,  Evangelische Kirchengemeinde Neunhofen,,  Pfarrarchiv, c/o Evangelisches Pfarramt Neustadt an,  der Orla, Kirchplatz 2, 07806 Neustadt an der Orla, Germany</subfield>
         <subfield code="u">http://www.kirchgemeinde-neustadt-orla.de/index.php</subfield>
      </datafield>
      <datafield tag="551" ind1=" " ind2=" ">
         <subfield code="a">Neustadt an der Orla-Neunhofen</subfield>
         <subfield code="0">places/3903973</subfield>
      </datafield>
   </record>