
   <record>
      <leader>00000nz  a2200000nc 4500</leader>
      <controlfield tag="001">institutions/30003806</controlfield>
      <controlfield tag="003">DE-633</controlfield>
      <controlfield tag="005">20250620052024.0</controlfield>
      <controlfield tag="008">161109||||z|||a|||||||||||||||||n||||||d</controlfield>
      <datafield tag="024" ind1="7" ind2=" ">
         <subfield code="a">38159032528701180990</subfield>
         <subfield code="2">VIAF</subfield>
      </datafield>
      <datafield tag="024" ind1="7" ind2=" ">
         <subfield code="a">Q15129736</subfield>
         <subfield code="2">WKP</subfield>
      </datafield>
      <datafield tag="024" ind1="7" ind2=" ">
         <subfield code="a">D-NOHp</subfield>
         <subfield code="q">siglum</subfield>
         <subfield code="2">rism</subfield>
      </datafield>
      <datafield tag="034" ind1="1" ind2=" ">
         <subfield code="d">11.233436383665612</subfield>
         <subfield code="f">50.96259699872236</subfield>
      </datafield>
      <datafield tag="040" ind1=" " ind2=" ">
         <subfield code="a">DE-633</subfield>
         <subfield code="c">DE-633</subfield>
         <subfield code="e">rismg</subfield>
      </datafield>
      <datafield tag="043" ind1=" " ind2=" ">
         <subfield code="c">XA-DE</subfield>
      </datafield>
      <datafield tag="110" ind1="1" ind2=" ">
         <subfield code="a">Pfarrarchiv St. Peter</subfield>
         <subfield code="c">Nohra (Grammetal)</subfield>
         <subfield code="g">D-NOHp</subfield>
      </datafield>
      <datafield tag="368" ind1=" " ind2=" ">
         <subfield code="a">Institution</subfield>
         <subfield code="a">Archive</subfield>
         <subfield code="a">Library</subfield>
      </datafield>
      <datafield tag="371" ind1=" " ind2=" ">
         <subfield code="a">Im Oberdorf</subfield>
         <subfield code="b">Nohra (Grammetal)</subfield>
         <subfield code="c">Thüringen</subfield>
         <subfield code="d">Germany</subfield>
         <subfield code="e">99428</subfield>
         <subfield code="m">pfarramt.niederzimmern@ekmd.de</subfield>
         <subfield code="u">https://www.kirchenkreis-weimar.de/kirchenkreis/gemeinden-und-kirchen//niederzimmern/nohra/st-peter-nohra/</subfield>
         <subfield code="z">tel: +49 / (0)36203 / 50055</subfield>
      </datafield>
      <datafield tag="551" ind1="1" ind2=" ">
         <subfield code="a">Nohra (Grammetal)</subfield>
         <subfield code="0">places/50010959</subfield>
      </datafield>
      <datafield tag="667" ind1=" " ind2=" ">
         <subfield code="a">Published sources: 2</subfield>
      </datafield>
   </record>