
   <record>
      <leader>00000nz  a2200000nc 4500</leader>
      <controlfield tag="001">institutions/30002932</controlfield>
      <controlfield tag="003">DE-633</controlfield>
      <controlfield tag="005">20250620052017.0</controlfield>
      <controlfield tag="008">161109||||z|||a|||||||||||||||||n||||||d</controlfield>
      <datafield tag="024" ind1="7" ind2=" ">
         <subfield code="a">30159032655901181584</subfield>
         <subfield code="2">VIAF</subfield>
      </datafield>
      <datafield tag="024" ind1="7" ind2=" ">
         <subfield code="a">D-NSY</subfield>
         <subfield code="q">siglum</subfield>
         <subfield code="2">rism</subfield>
      </datafield>
      <datafield tag="034" ind1="1" ind2=" ">
         <subfield code="d">11.438700754296507</subfield>
         <subfield code="f">50.88756368523717</subfield>
      </datafield>
      <datafield tag="040" ind1=" " ind2=" ">
         <subfield code="a">DE-633</subfield>
         <subfield code="c">DE-633</subfield>
         <subfield code="e">rismg</subfield>
      </datafield>
      <datafield tag="043" ind1=" " ind2=" ">
         <subfield code="c">XA-DE</subfield>
      </datafield>
      <datafield tag="110" ind1="1" ind2=" ">
         <subfield code="a">Evangelische Kirchengemeinde Niedersynderstedt, Pfarrarchiv</subfield>
         <subfield code="c">Niedersynderstedt</subfield>
         <subfield code="g">D-NSY</subfield>
      </datafield>
      <datafield tag="368" ind1=" " ind2=" ">
         <subfield code="a">Institution</subfield>
         <subfield code="a">Archive</subfield>
         <subfield code="a">Library</subfield>
      </datafield>
      <datafield tag="371" ind1=" " ind2=" ">
         <subfield code="a">Kirchengemeindeverband Blankenhain II Pfarramt</subfield>
         <subfield code="a">An den Linden 32</subfield>
         <subfield code="b">Blankenhain</subfield>
         <subfield code="c">Thüringen</subfield>
         <subfield code="d">Germany</subfield>
         <subfield code="e">99444</subfield>
         <subfield code="m">herminefuchs.64@googlemail.com</subfield>
         <subfield code="u">https://www.kirchenkreis-weimar.de/kirchenkreis/gemeinden-und-kirchen/blankenhain-ii/</subfield>
         <subfield code="z">contact: Pfarrerin Hermine Fuchs</subfield>
         <subfield code="z">tel: +49 / (0)36454 / 50754</subfield>
         <subfield code="z">fax: +49 / (0)36454 / 50708</subfield>
      </datafield>
      <datafield tag="551" ind1="1" ind2=" ">
         <subfield code="a">Niedersynderstedt</subfield>
         <subfield code="0">places/3903671</subfield>
      </datafield>
   </record>