
   <record>
      <leader>00000nz  a2200000nc 4500</leader>
      <controlfield tag="001">institutions/30006362</controlfield>
      <controlfield tag="003">DE-633</controlfield>
      <controlfield tag="005">20250620052047.0</controlfield>
      <controlfield tag="008">161109||||z|||a|||||||||||||||||n||||||d</controlfield>
      <datafield tag="024" ind1="7" ind2=" ">
         <subfield code="a">D-NWsm</subfield>
         <subfield code="q">siglum</subfield>
         <subfield code="2">rism</subfield>
      </datafield>
      <datafield tag="034" ind1="1" ind2=" ">
         <subfield code="d">8.134217970332427</subfield>
         <subfield code="f">49.352856592703674</subfield>
      </datafield>
      <datafield tag="040" ind1=" " ind2=" ">
         <subfield code="a">DE-633</subfield>
         <subfield code="c">DE-633</subfield>
         <subfield code="e">rismg</subfield>
      </datafield>
      <datafield tag="043" ind1=" " ind2=" ">
         <subfield code="c">XA-DE</subfield>
      </datafield>
      <datafield tag="110" ind1="1" ind2=" ">
         <subfield code="a">Pfarrhaus St. Marien</subfield>
         <subfield code="c">Neustadt an der Weinstraße</subfield>
         <subfield code="g">D-NWsm</subfield>
      </datafield>
      <datafield tag="368" ind1=" " ind2=" ">
         <subfield code="a">Institution</subfield>
         <subfield code="a">Library</subfield>
      </datafield>
      <datafield tag="371" ind1=" " ind2=" ">
         <subfield code="a">Schwesternstr. 11</subfield>
         <subfield code="b">Neustadt an der Weinstraße</subfield>
         <subfield code="c">Rheinland-Pfalz</subfield>
         <subfield code="d">Germany</subfield>
         <subfield code="e">67433</subfield>
         <subfield code="u">https://www.pfarrei-nw-hl-theresia-von-avila.de/pfarrei-einrichtungen/pfarrbuero/</subfield>
         <subfield code="z">St. Marien ist heute die Pfarrkirche der Pfarrei Hl. Theresia von Ávila</subfield>
      </datafield>
      <datafield tag="410" ind1=" " ind2=" ">
         <subfield code="a">Katholische Pfarrgemeinde St. Marien</subfield>
      </datafield>
      <datafield tag="551" ind1="1" ind2=" ">
         <subfield code="a">Neustadt an der Weinstraße</subfield>
         <subfield code="0">places/3903040</subfield>
      </datafield>
      <datafield tag="667" ind1=" " ind2=" ">
         <subfield code="a">Published sources: 1</subfield>
      </datafield>
   </record>