
   <record>
      <leader>00000nz  a2200000nc 4500</leader>
      <controlfield tag="001">institutions/51007251</controlfield>
      <controlfield tag="003">DE-633</controlfield>
      <controlfield tag="005">20250620052314.0</controlfield>
      <controlfield tag="008">230619||||z|||a|||||||||||||||||n||||||d</controlfield>
      <datafield tag="024" ind1="7" ind2=" ">
         <subfield code="a">DE-Osn1</subfield>
         <subfield code="2">ISIL</subfield>
      </datafield>
      <datafield tag="024" ind1="7" ind2=" ">
         <subfield code="a">Q28739329</subfield>
         <subfield code="2">WKP</subfield>
      </datafield>
      <datafield tag="024" ind1="7" ind2=" ">
         <subfield code="a">D-OCHSla</subfield>
         <subfield code="q">siglum</subfield>
         <subfield code="2">rism</subfield>
      </datafield>
      <datafield tag="034" ind1="1" ind2=" ">
         <subfield code="d">9.950832555567501</subfield>
         <subfield code="f">48.064850915609995</subfield>
      </datafield>
      <datafield tag="040" ind1=" " ind2=" ">
         <subfield code="a">DE-633</subfield>
         <subfield code="c">DE-633</subfield>
         <subfield code="e">rismg</subfield>
      </datafield>
      <datafield tag="043" ind1=" " ind2=" ">
         <subfield code="c">XA-DE</subfield>
      </datafield>
      <datafield tag="110" ind1="1" ind2=" ">
         <subfield code="a">Landesakademie Ochsenhausen, Musikbibliothek</subfield>
         <subfield code="c">Ochsenhausen</subfield>
         <subfield code="g">D-OCHSla</subfield>
      </datafield>
      <datafield tag="368" ind1=" " ind2=" ">
         <subfield code="a">Institution</subfield>
         <subfield code="a">Library</subfield>
      </datafield>
      <datafield tag="371" ind1=" " ind2=" ">
         <subfield code="a">Schloßbezirk 7</subfield>
         <subfield code="b">88416 Ochsenhausen</subfield>
         <subfield code="c">Baden-Würtemberg</subfield>
         <subfield code="d">Deutschland</subfield>
         <subfield code="m">bibliothek@landesakademie-ochsenhausen.de</subfield>
         <subfield code="u">https://www.landesakademie-ochsenhausen.de/de/akademie/musikbibliothek</subfield>
         <subfield code="z">tel: +49 / (0)7352 / 9110 28</subfield>
      </datafield>
      <datafield tag="410" ind1=" " ind2=" ">
         <subfield code="a">Landesakademie für die musizierende Jugend in Baden-Württemberg</subfield>
      </datafield>
      <datafield tag="551" ind1="1" ind2=" ">
         <subfield code="a">Ochsenhausen</subfield>
         <subfield code="0">places/3902932</subfield>
      </datafield>
      <datafield tag="667" ind1=" " ind2=" ">
         <subfield code="a">Published sources: 99</subfield>
      </datafield>
      <datafield tag="670" ind1="1" ind2=" ">
         <subfield code="a">GüntherO 1995</subfield>
         <subfield code="0">publications/638</subfield>
      </datafield>
   </record>