
   <record>
      <leader>00000nz  a2200000nc 4500</leader>
      <controlfield tag="001">institutions/51007371</controlfield>
      <controlfield tag="003">DE-633</controlfield>
      <controlfield tag="005">20250620052314.0</controlfield>
      <controlfield tag="008">230829||||z|||a|||||||||||||||||n||||||d</controlfield>
      <datafield tag="024" ind1="7" ind2=" ">
         <subfield code="a">D-OHRsta</subfield>
         <subfield code="q">siglum</subfield>
         <subfield code="2">rism</subfield>
      </datafield>
      <datafield tag="034" ind1="1" ind2=" ">
         <subfield code="d">10.736246357602356</subfield>
         <subfield code="f">50.829712917637984</subfield>
      </datafield>
      <datafield tag="040" ind1=" " ind2=" ">
         <subfield code="a">DE-633</subfield>
         <subfield code="c">DE-633</subfield>
         <subfield code="e">rismg</subfield>
      </datafield>
      <datafield tag="043" ind1=" " ind2=" ">
         <subfield code="c">XA-DE</subfield>
      </datafield>
      <datafield tag="110" ind1="1" ind2=" ">
         <subfield code="a">Stadtarchiv Ohrdruf</subfield>
         <subfield code="c">Ohrdruf</subfield>
         <subfield code="g">D-OHRsta</subfield>
      </datafield>
      <datafield tag="368" ind1=" " ind2=" ">
         <subfield code="a">Institution</subfield>
         <subfield code="a">Library</subfield>
         <subfield code="a">Archive</subfield>
      </datafield>
      <datafield tag="371" ind1=" " ind2=" ">
         <subfield code="a">Schlossplatz 1</subfield>
         <subfield code="b">99885 Ohrdruf</subfield>
         <subfield code="c">Thüringen</subfield>
         <subfield code="d">Germany</subfield>
         <subfield code="m">archiv@ohrdruf.de</subfield>
         <subfield code="u">https://www.ohrdruf.de/buerger-leben/stadtarchiv/</subfield>
         <subfield code="z">tel: +49 / (0)3624 311438</subfield>
         <subfield code="z">fax: +49 / (0)3624 / 313634</subfield>
         <subfield code="z">contact: Dr. Sebastian Faulstich</subfield>
      </datafield>
      <datafield tag="551" ind1="1" ind2=" ">
         <subfield code="a">Ohrdruf</subfield>
         <subfield code="0">places/3903138</subfield>
      </datafield>
   </record>