
   <record>
      <leader>00000nz  a2200000nc 4500</leader>
      <controlfield tag="001">institutions/30003955</controlfield>
      <controlfield tag="003">DE-633</controlfield>
      <controlfield tag="005">20250620052026.0</controlfield>
      <controlfield tag="008">161109||||z|||a|||||||||||||||||n||||||d</controlfield>
      <datafield tag="024" ind1="7" ind2=" ">
         <subfield code="a">D-OLBp</subfield>
         <subfield code="q">siglum</subfield>
         <subfield code="2">rism</subfield>
      </datafield>
      <datafield tag="034" ind1="2" ind2=" ">
         <subfield code="d">11.418929</subfield>
         <subfield code="f">51.176275</subfield>
      </datafield>
      <datafield tag="040" ind1=" " ind2=" ">
         <subfield code="a">DE-633</subfield>
         <subfield code="c">DE-633</subfield>
         <subfield code="e">rismg</subfield>
      </datafield>
      <datafield tag="043" ind1=" " ind2=" ">
         <subfield code="c">XA-DE</subfield>
      </datafield>
      <datafield tag="110" ind1="2" ind2=" ">
         <subfield code="a">Kirchspiel Rastenberg, Evangelische Kirchengemeinde Olbersleben, Pfarrarchiv</subfield>
         <subfield code="c">Olbersleben</subfield>
         <subfield code="g">D-OLBp</subfield>
      </datafield>
      <datafield tag="368" ind1=" " ind2=" ">
         <subfield code="a">Library</subfield>
      </datafield>
      <datafield tag="368" ind1=" " ind2=" ">
         <subfield code="a">Institution</subfield>
      </datafield>
      <datafield tag="371" ind1=" " ind2=" ">
         <subfield code="a">Kirchspiel Rastenberg, Evangelische,  Kirchengemeinde Olbersleben,,  Pfarrarchiv, c/o Pfarramt Rastenberg, Lossaer Str. 8, 99636 Rastenberg, Germany</subfield>
         <subfield code="u">http://www.kirchspielrastenberg.de/kirchen-und-geb%C3%A4ude/olbersleben/</subfield>
      </datafield>
      <datafield tag="551" ind1=" " ind2=" ">
         <subfield code="a">Olbersleben</subfield>
         <subfield code="0">places/3904037</subfield>
      </datafield>
      <datafield tag="667" ind1=" " ind2=" ">
         <subfield code="a">Published sources: 18</subfield>
      </datafield>
   </record>