
   <record>
      <leader>00000nz  a2200000nc 4500</leader>
      <controlfield tag="001">institutions/51003508</controlfield>
      <controlfield tag="003">DE-633</controlfield>
      <controlfield tag="005">20250620052250.0</controlfield>
      <controlfield tag="008">191119||||z|||a|||||||||||||||||n||||||d</controlfield>
      <datafield tag="024" ind1="7" ind2=" ">
         <subfield code="a">DE-715</subfield>
         <subfield code="2">ISIL</subfield>
      </datafield>
      <datafield tag="024" ind1="7" ind2=" ">
         <subfield code="a">138162-3</subfield>
         <subfield code="2">DNB</subfield>
      </datafield>
      <datafield tag="024" ind1="7" ind2=" ">
         <subfield code="a">D-OLzb</subfield>
         <subfield code="q">siglum</subfield>
         <subfield code="2">rism</subfield>
      </datafield>
      <datafield tag="034" ind1="1" ind2=" ">
         <subfield code="d">8.179778</subfield>
         <subfield code="f">53.147680</subfield>
      </datafield>
      <datafield tag="040" ind1=" " ind2=" ">
         <subfield code="a">DE-633</subfield>
         <subfield code="c">DE-633</subfield>
         <subfield code="e">rismg</subfield>
      </datafield>
      <datafield tag="043" ind1=" " ind2=" ">
         <subfield code="c">XA-DE</subfield>
      </datafield>
      <datafield tag="110" ind1="1" ind2=" ">
         <subfield code="a">Bibliotheks- und Informationssystem der Carl von Ossietzky Universität Oldenburg (BIS) - Zentralbibliothek Campus Haarentor</subfield>
         <subfield code="c">Oldenburg</subfield>
         <subfield code="g">D-OLzb</subfield>
      </datafield>
      <datafield tag="368" ind1=" " ind2=" ">
         <subfield code="a">Institution</subfield>
         <subfield code="a">Library</subfield>
      </datafield>
      <datafield tag="371" ind1=" " ind2=" ">
         <subfield code="a">Uhlhornsweg 49-55</subfield>
         <subfield code="b">Oldenburg</subfield>
         <subfield code="c">Niedersachsen</subfield>
         <subfield code="d">Germany</subfield>
         <subfield code="e">26129</subfield>
         <subfield code="u">https://uol.de/bis</subfield>
         <subfield code="z">tel: +49 / (0)441 / 798-4444</subfield>
      </datafield>
      <datafield tag="551" ind1="1" ind2=" ">
         <subfield code="a">Oldenburg</subfield>
         <subfield code="0">places/3900555</subfield>
      </datafield>
   </record>