
   <record>
      <leader>00000nz  a2200000nc 4500</leader>
      <controlfield tag="001">institutions/30002935</controlfield>
      <controlfield tag="003">DE-633</controlfield>
      <controlfield tag="005">20250620052017.0</controlfield>
      <controlfield tag="008">161109||||z|||a|||||||||||||||||n||||||d</controlfield>
      <datafield tag="024" ind1="7" ind2=" ">
         <subfield code="a">30159032659201181610</subfield>
         <subfield code="2">VIAF</subfield>
      </datafield>
      <datafield tag="024" ind1="7" ind2=" ">
         <subfield code="a">Q47402034</subfield>
         <subfield code="2">WKP</subfield>
      </datafield>
      <datafield tag="024" ind1="7" ind2=" ">
         <subfield code="a">D-PAF</subfield>
         <subfield code="q">siglum</subfield>
         <subfield code="2">rism</subfield>
      </datafield>
      <datafield tag="034" ind1="1" ind2=" ">
         <subfield code="d">11.278857050383737</subfield>
         <subfield code="f">51.65827602222965</subfield>
      </datafield>
      <datafield tag="040" ind1=" " ind2=" ">
         <subfield code="a">DE-633</subfield>
         <subfield code="c">DE-633</subfield>
         <subfield code="e">rismg</subfield>
      </datafield>
      <datafield tag="043" ind1=" " ind2=" ">
         <subfield code="c">XA-DE</subfield>
      </datafield>
      <datafield tag="110" ind1="1" ind2=" ">
         <subfield code="a">Evangelische Kirchengemeinde Pansfelde, Archiv</subfield>
         <subfield code="c">Pansfelde</subfield>
         <subfield code="g">D-PAF</subfield>
      </datafield>
      <datafield tag="368" ind1=" " ind2=" ">
         <subfield code="a">Institution</subfield>
         <subfield code="a">Archive</subfield>
         <subfield code="a">Library</subfield>
      </datafield>
      <datafield tag="371" ind1=" " ind2=" ">
         <subfield code="a">c/o Pfarrbereich Falkenstein/Harz Pfarramt</subfield>
         <subfield code="a">Sixtus-Kirchhof 12</subfield>
         <subfield code="b">Falkenstein/Harz</subfield>
         <subfield code="c">Sachsen-Anhalt</subfield>
         <subfield code="d">Germany</subfield>
         <subfield code="e">06463</subfield>
         <subfield code="m">gemeindebuero.ermsleben@kk-egeln.de</subfield>
         <subfield code="u">https://www.kirchenkreis-egeln.de/gemeinden/pfarrbereich-falkenstein-harz/gemeinde/</subfield>
         <subfield code="z">tel: +49 / (0)34743 / 287</subfield>
         <subfield code="z">fax: +49 / (0)34743 / 53466</subfield>
      </datafield>
      <datafield tag="551" ind1="1" ind2=" ">
         <subfield code="a">Pansfelde</subfield>
         <subfield code="0">places/3903674</subfield>
      </datafield>
   </record>