
   <record>
      <leader>00000nz  a2200000nc 4500</leader>
      <controlfield tag="001">institutions/51001646</controlfield>
      <controlfield tag="003">DE-633</controlfield>
      <controlfield tag="005">20250620052240.0</controlfield>
      <controlfield tag="008">180604||||z|||a|||||||||||||||||n||||||d</controlfield>
      <datafield tag="024" ind1="7" ind2=" ">
         <subfield code="a">DE-451</subfield>
         <subfield code="2">ISIL</subfield>
      </datafield>
      <datafield tag="024" ind1="7" ind2=" ">
         <subfield code="a">134920434</subfield>
         <subfield code="2">VIAF</subfield>
      </datafield>
      <datafield tag="024" ind1="7" ind2=" ">
         <subfield code="a">D-PFOsta</subfield>
         <subfield code="q">siglum</subfield>
         <subfield code="2">rism</subfield>
      </datafield>
      <datafield tag="034" ind1="1" ind2=" ">
         <subfield code="d">8.699824</subfield>
         <subfield code="f">48.895611</subfield>
      </datafield>
      <datafield tag="040" ind1=" " ind2=" ">
         <subfield code="a">DE-633</subfield>
         <subfield code="c">DE-633</subfield>
         <subfield code="e">rismg</subfield>
      </datafield>
      <datafield tag="043" ind1=" " ind2=" ">
         <subfield code="c">XA-DE</subfield>
      </datafield>
      <datafield tag="110" ind1="1" ind2=" ">
         <subfield code="a">Stadtarchiv Pforzheim - Institut für Stadtgeschichte</subfield>
         <subfield code="c">Pforzheim</subfield>
         <subfield code="g">D-PFOsta</subfield>
      </datafield>
      <datafield tag="368" ind1=" " ind2=" ">
         <subfield code="a">Institution</subfield>
         <subfield code="a">Library</subfield>
         <subfield code="a">Archive</subfield>
      </datafield>
      <datafield tag="371" ind1=" " ind2=" ">
         <subfield code="a">Kronprinzenstr. 28</subfield>
         <subfield code="b">Pforzheim</subfield>
         <subfield code="c">Baden-Württemberg</subfield>
         <subfield code="d">Deutschland</subfield>
         <subfield code="e">75177</subfield>
         <subfield code="m">archiv@stadt-pforzheim.de</subfield>
         <subfield code="u">https://www.pforzheim.de/kultur-freizeit/stadtgeschichte/stadtarchiv.html</subfield>
         <subfield code="z">tel: +49 / (0)7231 / 39-2899</subfield>
      </datafield>
      <datafield tag="551" ind1="1" ind2=" ">
         <subfield code="a">Pforzheim</subfield>
         <subfield code="0">places/3900928</subfield>
      </datafield>
   </record>