
   <record>
      <leader>00000nz  a2200000nc 4500</leader>
      <controlfield tag="001">institutions/51004133</controlfield>
      <controlfield tag="003">DE-633</controlfield>
      <controlfield tag="005">20250620052254.0</controlfield>
      <controlfield tag="008">200713||||z|||a|||||||||||||||||n||||||d</controlfield>
      <datafield tag="024" ind1="7" ind2=" ">
         <subfield code="a">Q1475597</subfield>
         <subfield code="2">WKP</subfield>
      </datafield>
      <datafield tag="024" ind1="7" ind2=" ">
         <subfield code="a">D-POTpp</subfield>
         <subfield code="q">siglum</subfield>
         <subfield code="2">rism</subfield>
      </datafield>
      <datafield tag="034" ind1="1" ind2=" ">
         <subfield code="d">13.059751</subfield>
         <subfield code="f">52.401064</subfield>
      </datafield>
      <datafield tag="040" ind1=" " ind2=" ">
         <subfield code="a">DE-633</subfield>
         <subfield code="c">DE-633</subfield>
         <subfield code="e">rismg</subfield>
      </datafield>
      <datafield tag="043" ind1=" " ind2=" ">
         <subfield code="c">XA-DE</subfield>
      </datafield>
      <datafield tag="110" ind1="1" ind2=" ">
         <subfield code="a">Katholisches Pfarramt St. Peter und Paul</subfield>
         <subfield code="c">Potsdam</subfield>
         <subfield code="g">D-POTpp</subfield>
      </datafield>
      <datafield tag="368" ind1=" " ind2=" ">
         <subfield code="a">Institution</subfield>
         <subfield code="a">Library</subfield>
      </datafield>
      <datafield tag="371" ind1=" " ind2=" ">
         <subfield code="a">Am Bassin 2</subfield>
         <subfield code="b">Potsdam</subfield>
         <subfield code="c">Brandenburg</subfield>
         <subfield code="d">Germany</subfield>
         <subfield code="e">14467</subfield>
         <subfield code="m">Pfarramt@Peter-Paul-Kirche.de</subfield>
         <subfield code="u">https://www.peter-paul-kirche.de/</subfield>
         <subfield code="z">tel: +49 / (0)331 / 230 799-07</subfield>
         <subfield code="z">fax: +49 / (0)331 / 230 799-8</subfield>
      </datafield>
      <datafield tag="551" ind1="1" ind2=" ">
         <subfield code="a">Potsdam</subfield>
         <subfield code="0">places/3900466</subfield>
      </datafield>
   </record>