
   <record>
      <leader>00000nz  a2200000nc 4500</leader>
      <controlfield tag="001">institutions/51004134</controlfield>
      <controlfield tag="003">DE-633</controlfield>
      <controlfield tag="005">20250620052254.0</controlfield>
      <controlfield tag="008">200713||||z|||a|||||||||||||||||n||||||d</controlfield>
      <datafield tag="024" ind1="7" ind2=" ">
         <subfield code="a">D-POTsta</subfield>
         <subfield code="q">siglum</subfield>
         <subfield code="2">rism</subfield>
      </datafield>
      <datafield tag="034" ind1="1" ind2=" ">
         <subfield code="d">13.056272</subfield>
         <subfield code="f">52.406367</subfield>
      </datafield>
      <datafield tag="040" ind1=" " ind2=" ">
         <subfield code="a">DE-633</subfield>
         <subfield code="c">DE-633</subfield>
         <subfield code="e">rismg</subfield>
      </datafield>
      <datafield tag="043" ind1=" " ind2=" ">
         <subfield code="c">XA-DE</subfield>
      </datafield>
      <datafield tag="110" ind1="1" ind2=" ">
         <subfield code="a">Stadtarchiv</subfield>
         <subfield code="c">Potsdam</subfield>
         <subfield code="g">D-POTsta</subfield>
      </datafield>
      <datafield tag="368" ind1=" " ind2=" ">
         <subfield code="a">Institution</subfield>
         <subfield code="a">Library</subfield>
         <subfield code="a">Archive</subfield>
      </datafield>
      <datafield tag="371" ind1=" " ind2=" ">
         <subfield code="a">Helene-Lange-Straße 14</subfield>
         <subfield code="a">Haus 23</subfield>
         <subfield code="b">Potsdam</subfield>
         <subfield code="c">Brandenburg</subfield>
         <subfield code="d">Germany</subfield>
         <subfield code="e">14469</subfield>
         <subfield code="m">Stadtarchiv@Rathaus.Potsdam.de</subfield>
         <subfield code="u">https://vv.potsdam.de/vv/oe/173010100000016258.php</subfield>
         <subfield code="z">tel: +49 / (0)331 / 289-2030</subfield>
         <subfield code="z">fax: +49 / (0)331 / 289-3782</subfield>
      </datafield>
      <datafield tag="551" ind1="1" ind2=" ">
         <subfield code="a">Potsdam</subfield>
         <subfield code="0">places/3900466</subfield>
      </datafield>
   </record>