
   <record>
      <leader>00000nz  a2200000nc 4500</leader>
      <controlfield tag="001">institutions/51003663</controlfield>
      <controlfield tag="003">DE-633</controlfield>
      <controlfield tag="005">20250620052251.0</controlfield>
      <controlfield tag="008">200106||||z|||a|||||||||||||||||n||||||d</controlfield>
      <datafield tag="024" ind1="7" ind2=" ">
         <subfield code="a">D-PRZsta</subfield>
         <subfield code="q">siglum</subfield>
         <subfield code="2">rism</subfield>
      </datafield>
      <datafield tag="034" ind1="1" ind2=" ">
         <subfield code="d">13.860810</subfield>
         <subfield code="f">53.309766</subfield>
      </datafield>
      <datafield tag="040" ind1=" " ind2=" ">
         <subfield code="a">DE-633</subfield>
         <subfield code="c">DE-633</subfield>
         <subfield code="e">rismg</subfield>
      </datafield>
      <datafield tag="043" ind1=" " ind2=" ">
         <subfield code="c">XA-DE</subfield>
      </datafield>
      <datafield tag="110" ind1="1" ind2=" ">
         <subfield code="a">Stadtarchiv Prenzlau im Dominikanerkloster</subfield>
         <subfield code="c">Prenzlau</subfield>
         <subfield code="g">D-PRZsta</subfield>
      </datafield>
      <datafield tag="368" ind1=" " ind2=" ">
         <subfield code="a">Institution</subfield>
         <subfield code="a">Library</subfield>
         <subfield code="a">Archive</subfield>
      </datafield>
      <datafield tag="371" ind1=" " ind2=" ">
         <subfield code="a">Uckerwiek 813</subfield>
         <subfield code="b">Prenzlau</subfield>
         <subfield code="c">Brandenburg</subfield>
         <subfield code="d">Germany</subfield>
         <subfield code="e">17291</subfield>
         <subfield code="m">stadtarchiv@dominikanerkloster-prenzlau.de</subfield>
         <subfield code="u">https://www.prenzlau.eu/cms/detail.php/land_bb_boa_01.c.376640.de</subfield>
         <subfield code="z">tel: +49 / (0)3984 / 75-272</subfield>
         <subfield code="z">fax: +49 / (0)3984 / 75-293</subfield>
      </datafield>
      <datafield tag="551" ind1="1" ind2=" ">
         <subfield code="a">Prenzlau</subfield>
         <subfield code="0">places/3901602</subfield>
      </datafield>
   </record>