
   <record>
      <leader>00000nz  a2200000nc 4500</leader>
      <controlfield tag="001">institutions/30002808</controlfield>
      <controlfield tag="003">DE-633</controlfield>
      <controlfield tag="005">20250620052016.0</controlfield>
      <controlfield tag="008">161109||||z|||a|||||||||||||||||n||||||d</controlfield>
      <datafield tag="024" ind1="7" ind2=" ">
         <subfield code="a">D-Pd</subfield>
         <subfield code="q">siglum</subfield>
         <subfield code="2">rism</subfield>
      </datafield>
      <datafield tag="040" ind1=" " ind2=" ">
         <subfield code="a">DE-633</subfield>
         <subfield code="c">DE-633</subfield>
         <subfield code="e">rismg</subfield>
      </datafield>
      <datafield tag="043" ind1=" " ind2=" ">
         <subfield code="c">XA-DE</subfield>
      </datafield>
      <datafield tag="110" ind1="2" ind2=" ">
         <subfield code="a">Dom</subfield>
         <subfield code="c">Passau</subfield>
         <subfield code="g">D-Pd</subfield>
      </datafield>
      <datafield tag="368" ind1=" " ind2=" ">
         <subfield code="a">Institution</subfield>
      </datafield>
      <datafield tag="368" ind1=" " ind2=" ">
         <subfield code="a">Library</subfield>
      </datafield>
      <datafield tag="410" ind1="2" ind2=" ">
         <subfield code="a">Bischöfliches Ordinariat</subfield>
      </datafield>
      <datafield tag="551" ind1=" " ind2=" ">
         <subfield code="a">Passau</subfield>
         <subfield code="0">places/3900103</subfield>
      </datafield>
      <datafield tag="580" ind1=" " ind2=" ">
         <subfield code="x">D-Po</subfield>
         <subfield code="0">institutions/30000960</subfield>
      </datafield>
      <datafield tag="667" ind1=" " ind2=" ">
         <subfield code="a">Published sources: 2</subfield>
      </datafield>
   </record>