
   <record>
      <leader>00000nz  a2200000nc 4500</leader>
      <controlfield tag="001">institutions/30003756</controlfield>
      <controlfield tag="003">DE-633</controlfield>
      <controlfield tag="005">20250620052024.0</controlfield>
      <controlfield tag="008">161109||||z|||a|||||||||||||||||n||||||d</controlfield>
      <datafield tag="024" ind1="7" ind2=" ">
         <subfield code="a">25159032669001181931</subfield>
         <subfield code="2">VIAF</subfield>
      </datafield>
      <datafield tag="024" ind1="7" ind2=" ">
         <subfield code="a">Q15848475</subfield>
         <subfield code="2">WKP</subfield>
      </datafield>
      <datafield tag="024" ind1="7" ind2=" ">
         <subfield code="a">D-REH</subfield>
         <subfield code="q">siglum</subfield>
         <subfield code="2">rism</subfield>
      </datafield>
      <datafield tag="034" ind1="1" ind2=" ">
         <subfield code="d">10.923477196359269</subfield>
         <subfield code="f">50.86919175526057</subfield>
      </datafield>
      <datafield tag="040" ind1=" " ind2=" ">
         <subfield code="a">DE-633</subfield>
         <subfield code="c">DE-633</subfield>
         <subfield code="e">rismg</subfield>
      </datafield>
      <datafield tag="043" ind1=" " ind2=" ">
         <subfield code="c">XA-DE</subfield>
      </datafield>
      <datafield tag="110" ind1="1" ind2=" ">
         <subfield code="a">Evangelisch-Lutherisches Pfarramt St. Gangolf, Pfarrarchiv</subfield>
         <subfield code="c">Rehestädt</subfield>
         <subfield code="g">D-REH</subfield>
      </datafield>
      <datafield tag="368" ind1=" " ind2=" ">
         <subfield code="a">Institution</subfield>
         <subfield code="a">Archive</subfield>
         <subfield code="a">Library</subfield>
      </datafield>
      <datafield tag="371" ind1=" " ind2=" ">
         <subfield code="a">c/o Ev.-Luth. Pfarrbereich Ichtershausen-Holzhausen</subfield>
         <subfield code="a">Klosterstraße 1</subfield>
         <subfield code="b">Amt Wachsenburg OT Ichtershausen</subfield>
         <subfield code="c">Thüringen</subfield>
         <subfield code="d">Germany</subfield>
         <subfield code="e">99334</subfield>
         <subfield code="m">pfarramt.ichtershausen@ekmd.de</subfield>
         <subfield code="u">https://www.kirchenkreis-arnstadt-ilmenau.de/kirchenkreis/gemeinden-und-kirchen/ichtershausen-holzhausen/</subfield>
         <subfield code="z">tel: +49 / (0)3628 / 44267</subfield>
         <subfield code="z">fax: +49 / (0)3628 / 582110</subfield>
      </datafield>
      <datafield tag="551" ind1="1" ind2=" ">
         <subfield code="a">Rehestädt</subfield>
         <subfield code="0">places/3903938</subfield>
      </datafield>
   </record>