
   <record>
      <leader>00000nz  a2200000nc 4500</leader>
      <controlfield tag="001">institutions/30002939</controlfield>
      <controlfield tag="003">DE-633</controlfield>
      <controlfield tag="005">20250620052017.0</controlfield>
      <controlfield tag="008">161109||||z|||a|||||||||||||||||n||||||d</controlfield>
      <datafield tag="024" ind1="7" ind2=" ">
         <subfield code="a">25159032661701181655</subfield>
         <subfield code="2">VIAF</subfield>
      </datafield>
      <datafield tag="024" ind1="7" ind2=" ">
         <subfield code="a">D-ROL</subfield>
         <subfield code="q">siglum</subfield>
         <subfield code="2">rism</subfield>
      </datafield>
      <datafield tag="034" ind1="1" ind2=" ">
         <subfield code="d">11.076491378142231</subfield>
         <subfield code="f">51.46205883067116</subfield>
      </datafield>
      <datafield tag="040" ind1=" " ind2=" ">
         <subfield code="a">DE-633</subfield>
         <subfield code="c">DE-633</subfield>
         <subfield code="e">rismg</subfield>
      </datafield>
      <datafield tag="043" ind1=" " ind2=" ">
         <subfield code="c">XA-DE</subfield>
      </datafield>
      <datafield tag="110" ind1="1" ind2=" ">
         <subfield code="a">Archiv der Kirchengemeinde Roßla und des Kirchenkreises Stolberg</subfield>
         <subfield code="c">Roßla</subfield>
         <subfield code="g">D-ROL</subfield>
      </datafield>
      <datafield tag="368" ind1=" " ind2=" ">
         <subfield code="a">Institution</subfield>
         <subfield code="a">Archive</subfield>
         <subfield code="a">Library</subfield>
      </datafield>
      <datafield tag="371" ind1=" " ind2=" ">
         <subfield code="a">c/o  Pfarrbereich Roßla Pfarramt</subfield>
         <subfield code="a">Wilhelmstr. 50</subfield>
         <subfield code="b">Südharz OT Roßla</subfield>
         <subfield code="c">Sachsen-Anhalt</subfield>
         <subfield code="d">Germany</subfield>
         <subfield code="e">06536</subfield>
         <subfield code="m">folker.blischke@ekmd.de</subfield>
         <subfield code="u">https://www.ekmd.de/kirche/kirchenkreise/eisleben-soemmerda/rossla/</subfield>
         <subfield code="z">contact: Pfarrer Dr. Folker Blischke</subfield>
         <subfield code="z">tel: +49 / (0)34651 / 2217</subfield>
      </datafield>
      <datafield tag="551" ind1="1" ind2=" ">
         <subfield code="a">Roßla</subfield>
         <subfield code="0">places/3903678</subfield>
      </datafield>
   </record>