
   <record>
      <leader>00000nz  a2200000nc 4500</leader>
      <controlfield tag="001">institutions/51006531</controlfield>
      <controlfield tag="003">DE-633</controlfield>
      <controlfield tag="005">20250620052309.0</controlfield>
      <controlfield tag="008">220607||||z|||a|||||||||||||||||n||||||d</controlfield>
      <datafield tag="024" ind1="7" ind2=" ">
         <subfield code="a">D-ROS</subfield>
         <subfield code="q">siglum</subfield>
         <subfield code="2">rism</subfield>
      </datafield>
      <datafield tag="034" ind1="1" ind2=" ">
         <subfield code="d">7.261366065763506</subfield>
         <subfield code="f">52.020128553820186</subfield>
      </datafield>
      <datafield tag="040" ind1=" " ind2=" ">
         <subfield code="a">DE-633</subfield>
         <subfield code="c">DE-633</subfield>
         <subfield code="e">rismg</subfield>
      </datafield>
      <datafield tag="043" ind1=" " ind2=" ">
         <subfield code="c">XA-DE</subfield>
      </datafield>
      <datafield tag="110" ind1="1" ind2=" ">
         <subfield code="a">Archiv des Grafen Droste zu Vischering, Erbdroste</subfield>
         <subfield code="c">Rosendahl-Darfeld</subfield>
         <subfield code="g">D-ROS</subfield>
      </datafield>
      <datafield tag="368" ind1=" " ind2=" ">
         <subfield code="a">Institution</subfield>
         <subfield code="a">Library</subfield>
         <subfield code="a">Archive</subfield>
      </datafield>
      <datafield tag="371" ind1=" " ind2=" ">
         <subfield code="a">Graf Droste zu Vischering´sche Generalverwaltung</subfield>
         <subfield code="a">Graf Droste zu Vischering</subfield>
         <subfield code="a">Netter 23</subfield>
         <subfield code="b">48720 Rosendahl-Darfeld</subfield>
         <subfield code="c">Nordrhein-Westfalen</subfield>
         <subfield code="d">Germany</subfield>
         <subfield code="m">Generalverwaltung@schlossdarfeld.de</subfield>
         <subfield code="u">https://www.schloss-darfeld.de/</subfield>
         <subfield code="z">tel: +49 / (0)2545 - 820</subfield>
         <subfield code="z">fax: +49 / (0)2545 - 82 27</subfield>
      </datafield>
      <datafield tag="551" ind1="1" ind2=" ">
         <subfield code="a">Rosendahl-Darfeld</subfield>
         <subfield code="0">places/50019489</subfield>
      </datafield>
   </record>