
   <record>
      <leader>00000nz  a2200000nc 4500</leader>
      <controlfield tag="001">institutions/30000062</controlfield>
      <controlfield tag="003">DE-633</controlfield>
      <controlfield tag="005">20250620051952.0</controlfield>
      <controlfield tag="008">161109||||z|||a|||||||||||||||||n||||||d</controlfield>
      <datafield tag="024" ind1="7" ind2=" ">
         <subfield code="a">1201360293</subfield>
         <subfield code="2">DNB</subfield>
      </datafield>
      <datafield tag="024" ind1="7" ind2=" ">
         <subfield code="a">D-ROu</subfield>
         <subfield code="q">siglum</subfield>
         <subfield code="2">rism</subfield>
      </datafield>
      <datafield tag="034" ind1="1" ind2=" ">
         <subfield code="d">12.13632889838576</subfield>
         <subfield code="f">54.087114106346334</subfield>
      </datafield>
      <datafield tag="040" ind1=" " ind2=" ">
         <subfield code="a">DE-633</subfield>
         <subfield code="c">DE-633</subfield>
         <subfield code="e">rismg</subfield>
      </datafield>
      <datafield tag="043" ind1=" " ind2=" ">
         <subfield code="c">XA-DE</subfield>
      </datafield>
      <datafield tag="110" ind1="1" ind2=" ">
         <subfield code="a">Universitätsbibliothek Rostock, Sondersammlungen</subfield>
         <subfield code="c">Rostock</subfield>
         <subfield code="g">D-ROu</subfield>
      </datafield>
      <datafield tag="368" ind1=" " ind2=" ">
         <subfield code="a">Institution</subfield>
      </datafield>
      <datafield tag="368" ind1=" " ind2=" ">
         <subfield code="a">Library</subfield>
      </datafield>
      <datafield tag="371" ind1=" " ind2=" ">
         <subfield code="a">(Michaeliskloster), Altbettelmönchstr. 4</subfield>
         <subfield code="b">18055 Rostock</subfield>
         <subfield code="c">Mecklenburg-Vorpommern</subfield>
         <subfield code="d">Germany</subfield>
         <subfield code="m">annika.bostelmann@uni-rostock.de</subfield>
         <subfield code="u">https://www.ub.uni-rostock.de/standorte-einrichtungen/sondersammlungen/die-sondersammlungen/</subfield>
         <subfield code="z">contact: Annika Bostelmann</subfield>
         <subfield code="z">tel: +49 / (0)381 / 498-8700</subfield>
      </datafield>
      <datafield tag="410" ind1=" " ind2=" ">
         <subfield code="a">Wilhelm-Pieck-Universität, Universitätsbibliothek, Fachgebiet Musik</subfield>
      </datafield>
      <datafield tag="551" ind1="1" ind2=" ">
         <subfield code="a">Rostock</subfield>
         <subfield code="0">places/3900301</subfield>
      </datafield>
      <datafield tag="667" ind1=" " ind2=" ">
         <subfield code="a">Published sources: 4328</subfield>
      </datafield>
   </record>