
   <record>
      <leader>00000nz  a2200000nc 4500</leader>
      <controlfield tag="001">institutions/30006054</controlfield>
      <controlfield tag="003">DE-633</controlfield>
      <controlfield tag="005">20250620052044.0</controlfield>
      <controlfield tag="008">161109||||z|||a|||||||||||||||||n||||||d</controlfield>
      <datafield tag="024" ind1=" " ind2=" ">
         <subfield code="a">2181184-2</subfield>
         <subfield code="2">DNB</subfield>
      </datafield>
      <datafield tag="024" ind1="7" ind2=" ">
         <subfield code="a">D-SCHBk</subfield>
         <subfield code="q">siglum</subfield>
         <subfield code="2">rism</subfield>
      </datafield>
      <datafield tag="034" ind1="2" ind2=" ">
         <subfield code="d">12.785427</subfield>
         <subfield code="f">50.537810</subfield>
      </datafield>
      <datafield tag="040" ind1=" " ind2=" ">
         <subfield code="a">DE-633</subfield>
         <subfield code="c">DE-633</subfield>
         <subfield code="e">rismg</subfield>
      </datafield>
      <datafield tag="043" ind1=" " ind2=" ">
         <subfield code="c">XA-DE</subfield>
      </datafield>
      <datafield tag="110" ind1="2" ind2=" ">
         <subfield code="a">Evangelisch-Lutherische St.-Georgengemeinde, Kantoreiarchiv</subfield>
         <subfield code="c">Schwarzenberg (Erzgebirge)</subfield>
         <subfield code="g">D-SCHBk</subfield>
      </datafield>
      <datafield tag="368" ind1=" " ind2=" ">
         <subfield code="a">Library</subfield>
      </datafield>
      <datafield tag="368" ind1=" " ind2=" ">
         <subfield code="a">Institution</subfield>
      </datafield>
      <datafield tag="371" ind1=" " ind2=" ">
         <subfield code="a">Evangelisch-Lutherische,  St.-Georgengemeinde, Kantoreiarchiv, Untere Schlossstr. 15, 08340 Schwarzenberg (Erzgebirge), Germany</subfield>
         <subfield code="u">http://www.st-georgen-schwarzenberg.de/index.html</subfield>
      </datafield>
      <datafield tag="551" ind1=" " ind2=" ">
         <subfield code="a">Schwarzenberg (Erzgebirge)</subfield>
         <subfield code="0">places/3904646</subfield>
      </datafield>
      <datafield tag="667" ind1=" " ind2=" ">
         <subfield code="a">Published sources: 146</subfield>
      </datafield>
   </record>