
   <record>
      <leader>00000nz  a2200000nc 4500</leader>
      <controlfield tag="001">institutions/30000216</controlfield>
      <controlfield tag="003">DE-633</controlfield>
      <controlfield tag="005">20250620051953.0</controlfield>
      <controlfield tag="008">161109||||z|||a|||||||||||||||||n||||||d</controlfield>
      <datafield tag="024" ind1="7" ind2=" ">
         <subfield code="a">D-SCHOT</subfield>
         <subfield code="q">siglum</subfield>
         <subfield code="2">rism</subfield>
      </datafield>
      <datafield tag="034" ind1="2" ind2=" ">
         <subfield code="d">9.122966</subfield>
         <subfield code="f">50.502306</subfield>
      </datafield>
      <datafield tag="040" ind1=" " ind2=" ">
         <subfield code="a">DE-633</subfield>
         <subfield code="c">DE-633</subfield>
         <subfield code="e">rismg</subfield>
      </datafield>
      <datafield tag="043" ind1=" " ind2=" ">
         <subfield code="c">XA-DE</subfield>
      </datafield>
      <datafield tag="110" ind1="2" ind2=" ">
         <subfield code="a">Evangelische Liebfrauenkirche</subfield>
         <subfield code="c">Schotten</subfield>
         <subfield code="g">D-SCHOT</subfield>
      </datafield>
      <datafield tag="368" ind1=" " ind2=" ">
         <subfield code="a">Library</subfield>
      </datafield>
      <datafield tag="368" ind1=" " ind2=" ">
         <subfield code="a">Institution</subfield>
      </datafield>
      <datafield tag="371" ind1=" " ind2=" ">
         <subfield code="a">Evangelische Liebfrauenkirche, Gemeindebüro im Albert-Schweitzer-Haus, Kirchstr. 45, 63679 Schotten, Germany</subfield>
         <subfield code="u">http://dekanat-schotten.de/pages/gemeinden/schotten.php</subfield>
      </datafield>
      <datafield tag="551" ind1=" " ind2=" ">
         <subfield code="a">Schotten</subfield>
         <subfield code="0">places/3900172</subfield>
      </datafield>
      <datafield tag="667" ind1=" " ind2=" ">
         <subfield code="a">Published sources: 348</subfield>
      </datafield>
   </record>