
   <record>
      <leader>00000nz  a2200000nc 4500</leader>
      <controlfield tag="001">institutions/51006762</controlfield>
      <controlfield tag="003">DE-633</controlfield>
      <controlfield tag="005">20250620052310.0</controlfield>
      <controlfield tag="008">220909||||z|||a|||||||||||||||||n||||||d</controlfield>
      <datafield tag="024" ind1="7" ind2=" ">
         <subfield code="a">247850099</subfield>
         <subfield code="2">VIAF</subfield>
      </datafield>
      <datafield tag="024" ind1="7" ind2=" ">
         <subfield code="a">Q1265226</subfield>
         <subfield code="2">WKP</subfield>
      </datafield>
      <datafield tag="024" ind1="7" ind2=" ">
         <subfield code="a">D-SCHÖBMvkm</subfield>
         <subfield code="q">siglum</subfield>
         <subfield code="2">rism</subfield>
      </datafield>
      <datafield tag="034" ind1="1" ind2=" ">
         <subfield code="d">10.93376186279545</subfield>
         <subfield code="f">53.845392432851746</subfield>
      </datafield>
      <datafield tag="040" ind1=" " ind2=" ">
         <subfield code="a">DE-633</subfield>
         <subfield code="c">DE-633</subfield>
         <subfield code="e">rismg</subfield>
      </datafield>
      <datafield tag="043" ind1=" " ind2=" ">
         <subfield code="c">XA-DE</subfield>
      </datafield>
      <datafield tag="110" ind1="1" ind2=" ">
         <subfield code="a">Volkskundemuseum Schönberg, Bibliothek</subfield>
         <subfield code="c">Schönberg (Mecklenburg)</subfield>
         <subfield code="g">D-SCHÖBMvkm</subfield>
      </datafield>
      <datafield tag="368" ind1=" " ind2=" ">
         <subfield code="a">Institution</subfield>
         <subfield code="a">Library</subfield>
         <subfield code="a">Museum</subfield>
      </datafield>
      <datafield tag="371" ind1=" " ind2=" ">
         <subfield code="a">Am Markt 1</subfield>
         <subfield code="b">23923 Schönberg (Mecklenburg)</subfield>
         <subfield code="c">Mecklenburg-Vorpommern</subfield>
         <subfield code="d">Germany</subfield>
         <subfield code="m">museumrz@aol.com</subfield>
         <subfield code="u">https://www.volkskundemuseum-schoenberg.de</subfield>
         <subfield code="z">contact: Olaf Both</subfield>
         <subfield code="z">tel: +49 /  (0)38828 / 348993</subfield>
      </datafield>
      <datafield tag="551" ind1="1" ind2=" ">
         <subfield code="a">Schönberg (Mecklenburg)</subfield>
         <subfield code="0">places/50019721</subfield>
      </datafield>
   </record>