
   <record>
      <leader>00000nz  a2200000nc 4500</leader>
      <controlfield tag="001">institutions/51005046</controlfield>
      <controlfield tag="003">DE-633</controlfield>
      <controlfield tag="005">20250620052259.0</controlfield>
      <controlfield tag="008">210330||||z|||a|||||||||||||||||n||||||d</controlfield>
      <datafield tag="024" ind1="7" ind2=" ">
         <subfield code="a">D-SEN</subfield>
         <subfield code="q">siglum</subfield>
         <subfield code="2">rism</subfield>
      </datafield>
      <datafield tag="034" ind1="1" ind2=" ">
         <subfield code="d">10.261014633703155</subfield>
         <subfield code="f">50.04239686970092</subfield>
      </datafield>
      <datafield tag="040" ind1=" " ind2=" ">
         <subfield code="a">DE-633</subfield>
         <subfield code="c">DE-633</subfield>
         <subfield code="e">rismg</subfield>
      </datafield>
      <datafield tag="043" ind1=" " ind2=" ">
         <subfield code="c">XA-DE</subfield>
      </datafield>
      <datafield tag="110" ind1="1" ind2=" ">
         <subfield code="a">Dreieinigkeitskirche Sennfeld</subfield>
         <subfield code="c">Sennfeld</subfield>
         <subfield code="g">D-SEN</subfield>
      </datafield>
      <datafield tag="368" ind1=" " ind2=" ">
         <subfield code="a">Institution</subfield>
         <subfield code="a">Library</subfield>
      </datafield>
      <datafield tag="371" ind1=" " ind2=" ">
         <subfield code="a">Evang.-Luth. Kirchengemeinde Sennfeld</subfield>
         <subfield code="a">Hauptstraße 6</subfield>
         <subfield code="b">Sennfeld</subfield>
         <subfield code="c">Bayern</subfield>
         <subfield code="d">Germany</subfield>
         <subfield code="e">97526</subfield>
         <subfield code="m">johannes.jurkat@elkb.de</subfield>
         <subfield code="u">https://www.sennfeld-evangelisch.de/index.php</subfield>
         <subfield code="z">tel: +49 / (0)9721 / 68246</subfield>
         <subfield code="z">fax: +49 / (0)9721 / 68245</subfield>
      </datafield>
      <datafield tag="510" ind1="2" ind2=" ">
         <subfield code="a">Evang.-Luth. Kirchengemeinde Sennfeld</subfield>
      </datafield>
      <datafield tag="551" ind1="1" ind2=" ">
         <subfield code="a">Sennfeld</subfield>
         <subfield code="0">places/50004394</subfield>
      </datafield>
      <datafield tag="667" ind1=" " ind2=" ">
         <subfield code="a">Published sources: 740</subfield>
      </datafield>
   </record>