
   <record>
      <leader>00000nz  a2200000nc 4500</leader>
      <controlfield tag="001">institutions/51000166</controlfield>
      <controlfield tag="003">DE-633</controlfield>
      <controlfield tag="005">20250620052235.0</controlfield>
      <controlfield tag="008">170207||||z|||a|||||||||||||||||n||||||d</controlfield>
      <datafield tag="024" ind1="7" ind2=" ">
         <subfield code="a">DE-MUS-121919</subfield>
         <subfield code="2">ISIL</subfield>
      </datafield>
      <datafield tag="024" ind1="7" ind2=" ">
         <subfield code="a">134335473</subfield>
         <subfield code="2">VIAF</subfield>
      </datafield>
      <datafield tag="024" ind1="7" ind2=" ">
         <subfield code="a">1221459-0</subfield>
         <subfield code="2">DNB</subfield>
      </datafield>
      <datafield tag="024" ind1="7" ind2=" ">
         <subfield code="a">1086342135</subfield>
         <subfield code="2">DNB</subfield>
      </datafield>
      <datafield tag="024" ind1="7" ind2=" ">
         <subfield code="a">D-SHMstm</subfield>
         <subfield code="q">siglum</subfield>
         <subfield code="2">rism</subfield>
      </datafield>
      <datafield tag="034" ind1="1" ind2=" ">
         <subfield code="d">7.820532</subfield>
         <subfield code="f">47.650414</subfield>
      </datafield>
      <datafield tag="040" ind1=" " ind2=" ">
         <subfield code="a">DE-633</subfield>
         <subfield code="c">DE-633</subfield>
         <subfield code="e">rismg</subfield>
      </datafield>
      <datafield tag="043" ind1=" " ind2=" ">
         <subfield code="c">XA-DE</subfield>
      </datafield>
      <datafield tag="110" ind1="1" ind2=" ">
         <subfield code="a">Stadtmuseum</subfield>
         <subfield code="c">Schopfheim</subfield>
         <subfield code="g">D-SHMstm</subfield>
      </datafield>
      <datafield tag="368" ind1=" " ind2=" ">
         <subfield code="a">Institution</subfield>
         <subfield code="a">Library</subfield>
      </datafield>
      <datafield tag="371" ind1=" " ind2=" ">
         <subfield code="a">Wallstraße 10</subfield>
         <subfield code="b">Schopfheim</subfield>
         <subfield code="c">Baden-Württemberg</subfield>
         <subfield code="d">Germany</subfield>
         <subfield code="e">79650</subfield>
         <subfield code="m">u.schmid@schopfheim.de</subfield>
         <subfield code="u">https://www.schopfheim.de/de/Kultur%2BBildung/Museen/Stadtmuseum</subfield>
         <subfield code="z">Leitung: Dr. Ulla K. Schmid</subfield>
         <subfield code="z">tel: +49 / (0)7622 / 396-190</subfield>
         <subfield code="z">fax: +49 /	(0)7622 / 396-201</subfield>
      </datafield>
      <datafield tag="551" ind1="1" ind2=" ">
         <subfield code="a">Schopfheim</subfield>
         <subfield code="0">places/7030</subfield>
      </datafield>
      <datafield tag="680" ind1="1" ind2=" ">
         <subfield code="a">Das Museum birgt wertvolle Sammlungen zur adeligen und bürgerlichen Wohnkultur. Diese stammen aus der freiherrlichen Familie von Roggenbach (in Schopfheim ansässig ca. 1500 bis 1925) sowie aus Kreisen des Bildungsbürgertums des 18. und 19. Jahrhunderts in Schopfheim.</subfield>
      </datafield>
      <datafield tag="710" ind1="1" ind2=" ">
         <subfield code="a">Roggenbach-Gayling-Stiftung</subfield>
         <subfield code="0">institutions/51000167</subfield>
      </datafield>
   </record>