
   <record>
      <leader>00000nz  a2200000nc 4500</leader>
      <controlfield tag="001">institutions/51008757</controlfield>
      <controlfield tag="003">DE-633</controlfield>
      <controlfield tag="005">20250620052324.0</controlfield>
      <controlfield tag="008">250509||||z|||a|||||||||||||||||n||||||d</controlfield>
      <datafield tag="024" ind1="7" ind2=" ">
         <subfield code="a">D-SLkka</subfield>
         <subfield code="q">siglum</subfield>
         <subfield code="2">rism</subfield>
      </datafield>
      <datafield tag="034" ind1="1" ind2=" ">
         <subfield code="d">11.148855575029526</subfield>
         <subfield code="f">52.852458110492485</subfield>
      </datafield>
      <datafield tag="040" ind1=" " ind2=" ">
         <subfield code="a">DE-633</subfield>
         <subfield code="b">ger</subfield>
         <subfield code="c">DE-633</subfield>
         <subfield code="e">rismg</subfield>
      </datafield>
      <datafield tag="043" ind1=" " ind2=" ">
         <subfield code="c">XA-DE</subfield>
      </datafield>
      <datafield tag="110" ind1="1" ind2=" ">
         <subfield code="a">Kirchenkreisamt</subfield>
         <subfield code="c">Salzwedel</subfield>
         <subfield code="g">D-SLkka</subfield>
      </datafield>
      <datafield tag="368" ind1=" " ind2=" ">
         <subfield code="a">Institution</subfield>
         <subfield code="a">Library</subfield>
      </datafield>
      <datafield tag="371" ind1=" " ind2=" ">
         <subfield code="a">Neuperverstraße 2</subfield>
         <subfield code="b">Salzwedel</subfield>
         <subfield code="c">Sachsen-Anhalt</subfield>
         <subfield code="d">Germany</subfield>
         <subfield code="e">29410</subfield>
         <subfield code="m">birgit.daehnrich@ekmd.de</subfield>
         <subfield code="u">https://www.kirchenkreis-salzwedel.de/kirchenkreis/kreiskirchenamt/</subfield>
         <subfield code="z">tel: +49 / (0)3901 / 30520</subfield>
         <subfield code="z">fax: +49 / (0)3901 / 305270</subfield>
         <subfield code="z">contact: Birgit Dähnrich</subfield>
      </datafield>
      <datafield tag="551" ind1="1" ind2=" ">
         <subfield code="a">Salzwedel</subfield>
         <subfield code="0">places/3901711</subfield>
      </datafield>
   </record>