
   <record>
      <leader>00000nz  a2200000nc 4500</leader>
      <controlfield tag="001">institutions/30002827</controlfield>
      <controlfield tag="003">DE-633</controlfield>
      <controlfield tag="005">20250620052016.0</controlfield>
      <controlfield tag="008">161109||||z|||a|||||||||||||||||n||||||d</controlfield>
      <datafield tag="024" ind1="7" ind2=" ">
         <subfield code="a">D-SPT</subfield>
         <subfield code="q">siglum</subfield>
         <subfield code="2">rism</subfield>
      </datafield>
      <datafield tag="040" ind1=" " ind2=" ">
         <subfield code="a">DE-633</subfield>
         <subfield code="c">DE-633</subfield>
         <subfield code="e">rismg</subfield>
      </datafield>
      <datafield tag="043" ind1=" " ind2=" ">
         <subfield code="c">XA-DE</subfield>
      </datafield>
      <datafield tag="110" ind1="2" ind2=" ">
         <subfield code="a">Bibliothek des ehemaligen Priesterseminars</subfield>
         <subfield code="c">St. Peter</subfield>
         <subfield code="g">D-SPT</subfield>
      </datafield>
      <datafield tag="368" ind1=" " ind2=" ">
         <subfield code="a">Library</subfield>
      </datafield>
      <datafield tag="368" ind1=" " ind2=" ">
         <subfield code="a">Institution</subfield>
      </datafield>
      <datafield tag="371" ind1=" " ind2=" ">
         <subfield code="a">Bibliothek des ehemaligen,  Priesterseminars, Klosterhof 2, 79271 St. Peter, Germany</subfield>
         <subfield code="u">http://www.ebfr.de/html/bibliothek.html</subfield>
      </datafield>
      <datafield tag="551" ind1=" " ind2=" ">
         <subfield code="a">St. Peter</subfield>
         <subfield code="0">places/3903612</subfield>
      </datafield>
      <datafield tag="580" ind1=" " ind2=" ">
         <subfield code="x">D-FReb</subfield>
         <subfield code="0">institutions/30080554</subfield>
      </datafield>
      <datafield tag="680" ind1=" " ind2=" ">
         <subfield code="a">Gliederung von D-FReb. Nur kleinere Teilbestände in D-FReb. Die Bibliothek des ehemaligen Priesterseminars befindet sich zum größten Teil noch in St. Peter (Geistliches Zentrum). Anfragen sind an D-FReb zu stellen.</subfield>
      </datafield>
   </record>