
   <record>
      <leader>00000nz  a2200000nc 4500</leader>
      <controlfield tag="001">institutions/51000124</controlfield>
      <controlfield tag="003">DE-633</controlfield>
      <controlfield tag="005">20250620052235.0</controlfield>
      <controlfield tag="008">170127||||z|||a|||||||||||||||||n||||||d</controlfield>
      <datafield tag="024" ind1="7" ind2=" ">
         <subfield code="a">295627911</subfield>
         <subfield code="2">VIAF</subfield>
      </datafield>
      <datafield tag="024" ind1="7" ind2=" ">
         <subfield code="a">D-STFbv</subfield>
         <subfield code="q">siglum</subfield>
         <subfield code="2">rism</subfield>
      </datafield>
      <datafield tag="034" ind1="1" ind2=" ">
         <subfield code="d">11.054120</subfield>
         <subfield code="f">50.115648</subfield>
      </datafield>
      <datafield tag="040" ind1=" " ind2=" ">
         <subfield code="a">DE-633</subfield>
         <subfield code="c">DE-633</subfield>
         <subfield code="e">rismg</subfield>
      </datafield>
      <datafield tag="043" ind1=" " ind2=" ">
         <subfield code="c">XA-DE</subfield>
      </datafield>
      <datafield tag="110" ind1="1" ind2=" ">
         <subfield code="a">Basilika Vierzehnheiligen</subfield>
         <subfield code="c">Bad Staffelstein</subfield>
         <subfield code="g">D-STFbv</subfield>
      </datafield>
      <datafield tag="368" ind1=" " ind2=" ">
         <subfield code="a">Institution</subfield>
         <subfield code="a">Library</subfield>
      </datafield>
      <datafield tag="371" ind1=" " ind2=" ">
         <subfield code="a">Vierzehnheiligen 2</subfield>
         <subfield code="b">Bad Staffelstein</subfield>
         <subfield code="c">Bayern</subfield>
         <subfield code="d">Germany</subfield>
         <subfield code="e">96231</subfield>
         <subfield code="u">http://www.vierzehnheiligen.de/de/index.php</subfield>
         <subfield code="z">Franziskanerkloster</subfield>
         <subfield code="z">tel: +49 / (0)9571 / 9508-0</subfield>
         <subfield code="z">fax: +49 / (0)9571 / 9508-45</subfield>
      </datafield>
      <datafield tag="551" ind1="1" ind2=" ">
         <subfield code="a">Bad Staffelstein</subfield>
         <subfield code="0">places/3905307</subfield>
      </datafield>
   </record>