
   <record>
      <leader>00000nz  a2200000nc 4500</leader>
      <controlfield tag="001">institutions/30001288</controlfield>
      <controlfield tag="003">DE-633</controlfield>
      <controlfield tag="005">20250620052003.0</controlfield>
      <controlfield tag="008">161109||||z|||a|||||||||||||||||n||||||d</controlfield>
      <datafield tag="024" ind1=" " ind2=" ">
         <subfield code="a">4735588-8</subfield>
         <subfield code="2">DNB</subfield>
      </datafield>
      <datafield tag="024" ind1=" " ind2=" ">
         <subfield code="a">DE-194</subfield>
         <subfield code="2">ISIL</subfield>
      </datafield>
      <datafield tag="024" ind1="7" ind2=" ">
         <subfield code="a">D-SUH</subfield>
         <subfield code="q">siglum</subfield>
         <subfield code="2">rism</subfield>
      </datafield>
      <datafield tag="034" ind1="2" ind2=" ">
         <subfield code="d">10.6920409</subfield>
         <subfield code="f">50.6114409</subfield>
      </datafield>
      <datafield tag="040" ind1=" " ind2=" ">
         <subfield code="a">DE-633</subfield>
         <subfield code="c">DE-633</subfield>
         <subfield code="e">rismg</subfield>
      </datafield>
      <datafield tag="043" ind1=" " ind2=" ">
         <subfield code="c">XA-DE</subfield>
      </datafield>
      <datafield tag="110" ind1="2" ind2=" ">
         <subfield code="a">Stadtbücherei</subfield>
         <subfield code="c">Suhl</subfield>
         <subfield code="g">D-SUH</subfield>
      </datafield>
      <datafield tag="368" ind1=" " ind2=" ">
         <subfield code="a">Library</subfield>
      </datafield>
      <datafield tag="368" ind1=" " ind2=" ">
         <subfield code="a">Institution</subfield>
      </datafield>
      <datafield tag="371" ind1=" " ind2=" ">
         <subfield code="a">Stadtbücherei, Bahnhofstraße 10, 98527 Suhl, Germany</subfield>
         <subfield code="u">http://www.stadtbuecherei-suhl.de/</subfield>
      </datafield>
      <datafield tag="410" ind1="2" ind2=" ">
         <subfield code="a">Wissenschaftliche Allgemeinbibliothek, Musikabteilung</subfield>
      </datafield>
      <datafield tag="410" ind1="2" ind2=" ">
         <subfield code="a">Stadt- und Bezirksbibliothek Martin Andersen Nexö</subfield>
      </datafield>
      <datafield tag="551" ind1=" " ind2=" ">
         <subfield code="a">Suhl</subfield>
         <subfield code="0">places/3901155</subfield>
      </datafield>
   </record>