
   <record>
      <leader>00000nz  a2200000nc 4500</leader>
      <controlfield tag="001">institutions/51008599</controlfield>
      <controlfield tag="003">DE-633</controlfield>
      <controlfield tag="005">20250620052323.0</controlfield>
      <controlfield tag="008">250312||||z|||a|||||||||||||||||n||||||d</controlfield>
      <datafield tag="024" ind1="7" ind2=" ">
         <subfield code="a">D-SUHpfm</subfield>
         <subfield code="q">siglum</subfield>
         <subfield code="2">rism</subfield>
      </datafield>
      <datafield tag="034" ind1="1" ind2=" ">
         <subfield code="d">10.693520496850127</subfield>
         <subfield code="f">50.60995347061146</subfield>
      </datafield>
      <datafield tag="040" ind1=" " ind2=" ">
         <subfield code="a">DE-633</subfield>
         <subfield code="b">ger</subfield>
         <subfield code="c">DE-633</subfield>
         <subfield code="e">rismg</subfield>
      </datafield>
      <datafield tag="043" ind1=" " ind2=" ">
         <subfield code="c">XA-DE</subfield>
      </datafield>
      <datafield tag="110" ind1="1" ind2=" ">
         <subfield code="a">Evang. Kirchengemeinde Suhl, Pfarramt St. Marien</subfield>
         <subfield code="c">Suhl</subfield>
         <subfield code="g">D-SUHpfm</subfield>
      </datafield>
      <datafield tag="368" ind1=" " ind2=" ">
         <subfield code="a">Institution</subfield>
         <subfield code="a">Library</subfield>
      </datafield>
      <datafield tag="371" ind1=" " ind2=" ">
         <subfield code="a">Kirchgasse 6</subfield>
         <subfield code="b">Suhl</subfield>
         <subfield code="c">Thüringen</subfield>
         <subfield code="d">Germany</subfield>
         <subfield code="e">98527</subfield>
         <subfield code="m">info@kirchengemeinde-suhl.de</subfield>
         <subfield code="u">https://www.kirchenkreis-henneberger-land.de/gemeinden/suhl/suhl/</subfield>
         <subfield code="z">tel: +49 / (0)3681 / 351506</subfield>
         <subfield code="z">fax: +49 / (0)3681 / 807323</subfield>
      </datafield>
      <datafield tag="551" ind1="1" ind2=" ">
         <subfield code="a">Suhl</subfield>
         <subfield code="0">places/3901155</subfield>
      </datafield>
   </record>