
   <record>
      <leader>00000nz  a2200000nc 4500</leader>
      <controlfield tag="001">institutions/51001814</controlfield>
      <controlfield tag="003">DE-633</controlfield>
      <controlfield tag="005">20250620052241.0</controlfield>
      <controlfield tag="008">180903||||z|||a|||||||||||||||||n||||||d</controlfield>
      <datafield tag="024" ind1="7" ind2=" ">
         <subfield code="a">D-SWDpfb</subfield>
         <subfield code="q">siglum</subfield>
         <subfield code="2">rism</subfield>
      </datafield>
      <datafield tag="034" ind1="1" ind2=" ">
         <subfield code="d">14.346670</subfield>
         <subfield code="f">51.068207</subfield>
      </datafield>
      <datafield tag="040" ind1=" " ind2=" ">
         <subfield code="a">DE-633</subfield>
         <subfield code="c">DE-633</subfield>
         <subfield code="e">rismg</subfield>
      </datafield>
      <datafield tag="043" ind1=" " ind2=" ">
         <subfield code="c">XA-DE</subfield>
      </datafield>
      <datafield tag="110" ind1="1" ind2=" ">
         <subfield code="a">Evangelisch-Lutherisches Pfarramt, Pfarrbibliothek</subfield>
         <subfield code="c">Steinigtwolmsdorf</subfield>
         <subfield code="g">D-SWDpfb</subfield>
      </datafield>
      <datafield tag="368" ind1=" " ind2=" ">
         <subfield code="a">Institution</subfield>
         <subfield code="a">Library</subfield>
      </datafield>
      <datafield tag="371" ind1=" " ind2=" ">
         <subfield code="a">Badeweg 5</subfield>
         <subfield code="b">Steinigtwolmsdorf</subfield>
         <subfield code="c">Sachsen</subfield>
         <subfield code="d">Deutschland</subfield>
         <subfield code="e">01904</subfield>
         <subfield code="m">kg.steinigtwolmsdorf@evlks.de</subfield>
         <subfield code="u">https://www.kirche-neukirch.de/kirchgemeinde-steinigtwolmsdorf/index.html</subfield>
         <subfield code="z">tel: +49 / (0)35951 / 32465</subfield>
         <subfield code="z">fax: +49 / (0)35951 / 32465</subfield>
      </datafield>
      <datafield tag="551" ind1="1" ind2=" ">
         <subfield code="a">Steinigtwolmsdorf</subfield>
         <subfield code="0">places/4000088</subfield>
      </datafield>
   </record>