
   <record>
      <leader>00000nz  a2200000nc 4500</leader>
      <controlfield tag="001">institutions/51001766</controlfield>
      <controlfield tag="003">DE-633</controlfield>
      <controlfield tag="005">20250620052240.0</controlfield>
      <controlfield tag="008">180813||||z|||a|||||||||||||||||n||||||d</controlfield>
      <datafield tag="024" ind1="7" ind2=" ">
         <subfield code="a">D-SWTheim</subfield>
         <subfield code="q">siglum</subfield>
         <subfield code="2">rism</subfield>
      </datafield>
      <datafield tag="034" ind1="1" ind2=" ">
         <subfield code="d">6.916391</subfield>
         <subfield code="f">50.712733</subfield>
      </datafield>
      <datafield tag="040" ind1=" " ind2=" ">
         <subfield code="a">DE-633</subfield>
         <subfield code="c">DE-633</subfield>
         <subfield code="e">rismg</subfield>
      </datafield>
      <datafield tag="043" ind1=" " ind2=" ">
         <subfield code="c">XA-DE</subfield>
      </datafield>
      <datafield tag="110" ind1="1" ind2=" ">
         <subfield code="a">Archiv Burg Heimerzheim</subfield>
         <subfield code="c">Swisttal-Heimerzheim</subfield>
         <subfield code="g">D-SWTheim</subfield>
      </datafield>
      <datafield tag="368" ind1=" " ind2=" ">
         <subfield code="a">Institution</subfield>
         <subfield code="a">Library</subfield>
         <subfield code="a">Archive</subfield>
      </datafield>
      <datafield tag="371" ind1=" " ind2=" ">
         <subfield code="a">Kölner Straße 1</subfield>
         <subfield code="b">Swisttal-Heimerzheim</subfield>
         <subfield code="c">Nordrhein-Westfalen</subfield>
         <subfield code="d">Germany</subfield>
         <subfield code="e">53913</subfield>
         <subfield code="m">info@burg-heimerzheim.de</subfield>
      </datafield>
      <datafield tag="371" ind1=" " ind2=" ">
         <subfield code="a">LVR-Archivberatungs- und Fortbildungszentrum</subfield>
         <subfield code="a">Ehrenfriedstraße 19</subfield>
         <subfield code="b">Pulheim</subfield>
         <subfield code="c">Nordrhein-Westfalen</subfield>
         <subfield code="d">Germany</subfield>
         <subfield code="e">50259</subfield>
         <subfield code="m">hans-werner.langbrandtner@lvr.de</subfield>
         <subfield code="m">claudia.kauertz@lvr.de</subfield>
         <subfield code="u">http://www.afz.lvr.de/de/archivberatung/adelsarchive_1/bestaende/bestaende_1.html</subfield>
         <subfield code="u">http://www.archive.nrw.de/weitereArchive/privatarchive/AdelspflegeRheinland/wir_ueber_uns/index.php</subfield>
      </datafield>
      <datafield tag="510" ind1="1" ind2=" ">
         <subfield code="a">Boeselager-Archiv Burg Heimerzheim</subfield>
      </datafield>
      <datafield tag="551" ind1="1" ind2=" ">
         <subfield code="a">Swisttal-Heimerzheim</subfield>
         <subfield code="0">places/4000081</subfield>
      </datafield>
      <datafield tag="680" ind1="1" ind2=" ">
         <subfield code="a">Landschaftsverband Rheinland (LVR). Benutzung der Archivbestände über LVR-Archivberatungs- und Fortbildungszentrum, Ansprechpartner: Dr. Hans-Werner Langbrandtner und Dr. Claudia Kauertz</subfield>
      </datafield>
   </record>