
   <record>
      <leader>00000nz  a2200000nc 4500</leader>
      <controlfield tag="001">institutions/51001708</controlfield>
      <controlfield tag="003">DE-633</controlfield>
      <controlfield tag="005">20250620052240.0</controlfield>
      <controlfield tag="008">180628||||z|||a|||||||||||||||||n||||||d</controlfield>
      <datafield tag="024" ind1="7" ind2=" ">
         <subfield code="a">DE-2091</subfield>
         <subfield code="2">ISIL</subfield>
      </datafield>
      <datafield tag="024" ind1="7" ind2=" ">
         <subfield code="a">D-SWna</subfield>
         <subfield code="q">siglum</subfield>
         <subfield code="2">rism</subfield>
      </datafield>
      <datafield tag="034" ind1="1" ind2=" ">
         <subfield code="d">11.414003</subfield>
         <subfield code="f">53.629802</subfield>
      </datafield>
      <datafield tag="040" ind1=" " ind2=" ">
         <subfield code="a">DE-633</subfield>
         <subfield code="c">DE-633</subfield>
         <subfield code="e">rismg</subfield>
      </datafield>
      <datafield tag="043" ind1=" " ind2=" ">
         <subfield code="c">XA-DE</subfield>
      </datafield>
      <datafield tag="110" ind1="1" ind2=" ">
         <subfield code="a">Landeskirchliches Archiv Schwerin</subfield>
         <subfield code="c">Schwerin</subfield>
         <subfield code="g">D-SWna</subfield>
      </datafield>
      <datafield tag="368" ind1=" " ind2=" ">
         <subfield code="a">Institution</subfield>
         <subfield code="a">Library</subfield>
         <subfield code="a">Archive</subfield>
      </datafield>
      <datafield tag="371" ind1=" " ind2=" ">
         <subfield code="a">Am Dom 2</subfield>
         <subfield code="b">Schwerin</subfield>
         <subfield code="c">Mecklenburg-Vorpommern</subfield>
         <subfield code="d">Germany</subfield>
         <subfield code="e">19055</subfield>
         <subfield code="m">schwerin@archiv.nordkirche.de</subfield>
         <subfield code="u">http://archivnordkirche.de/index.php/ueber-uns-schwerin.html</subfield>
         <subfield code="z">tel: +49 / (0)385 / 20223 292</subfield>
         <subfield code="z">fax: +49 / (0)385 / 20223 299</subfield>
      </datafield>
      <datafield tag="551" ind1="1" ind2=" ">
         <subfield code="a">Schwerin</subfield>
         <subfield code="0">places/3900093</subfield>
      </datafield>
   </record>