
   <record>
      <leader>00000nz  a2200000nc 4500</leader>
      <controlfield tag="001">institutions/30001291</controlfield>
      <controlfield tag="003">DE-633</controlfield>
      <controlfield tag="005">20250728080637.0</controlfield>
      <controlfield tag="008">161109||||z|||a|||||||||||||||||n||||||d</controlfield>
      <datafield tag="024" ind1="7" ind2=" ">
         <subfield code="a">D-SWsk</subfield>
         <subfield code="q">siglum</subfield>
         <subfield code="2">rism</subfield>
      </datafield>
      <datafield tag="040" ind1=" " ind2=" ">
         <subfield code="a">DE-633</subfield>
         <subfield code="c">DE-633</subfield>
         <subfield code="e">rismg</subfield>
      </datafield>
      <datafield tag="043" ind1=" " ind2=" ">
         <subfield code="c">XA-DE</subfield>
      </datafield>
      <datafield tag="110" ind1="1" ind2=" ">
         <subfield code="a">Evangelisch-Lutherische Schlosskirchengemeinde, Pfarrarchiv</subfield>
         <subfield code="c">Schwerin</subfield>
         <subfield code="g">D-SWsk</subfield>
      </datafield>
      <datafield tag="368" ind1=" " ind2=" ">
         <subfield code="a">Institution</subfield>
      </datafield>
      <datafield tag="368" ind1=" " ind2=" ">
         <subfield code="a">Library</subfield>
      </datafield>
      <datafield tag="410" ind1=" " ind2=" ">
         <subfield code="a">Schlosskirche, Chorarchiv</subfield>
      </datafield>
      <datafield tag="410" ind1=" " ind2=" ">
         <subfield code="a">Schlosskirchenchor</subfield>
      </datafield>
      <datafield tag="551" ind1="1" ind2=" ">
         <subfield code="a">Schwerin</subfield>
         <subfield code="0">places/3900093</subfield>
      </datafield>
      <datafield tag="580" ind1="1" ind2=" ">
         <subfield code="x">D-SWblka</subfield>
         <subfield code="0">institutions/51007335</subfield>
      </datafield>
      <datafield tag="667" ind1=" " ind2=" ">
         <subfield code="a">Published sources: 540</subfield>
      </datafield>
      <datafield tag="680" ind1="1" ind2=" ">
         <subfield code="a">Depositum in D-SWblka.</subfield>
      </datafield>
      <datafield tag="680" ind1="1" ind2=" ">
         <subfield code="a">Das RISM verzeichnet nur eine Auswahl der Musikalien aus D-SWsk. Darüberhinaus ist unter den angegebenen Links der Musikalienbestand verzeichnet.</subfield>
      </datafield>
      <datafield tag="680" ind1="1" ind2=" ">
         <subfield code="a">Für Bestände, die sich vor 1918 im Besitz des Schlosskirchenchors befanden und heute anderweitig aufbewahrt werden, bitte die Institution "Grossherzoglicher Schlosschor" verwenden.</subfield>
      </datafield>
      <datafield tag="856" ind1="1" ind2=" ">
         <subfield code="u">https://nordkirche.bibliotheca-open.de/Permalink.aspx?searchhash=OCLC_ddc728bc3778be5c8a37f4c70698187522cebcc3</subfield>
         <subfield code="z">Gesamter Musikalienbestand im OPAC der Nordkirchenbibliothek</subfield>
      </datafield>
      <datafield tag="856" ind1="1" ind2=" ">
         <subfield code="u">https://kxp.k10plus.de/DB=2.1/CMD?MATCFILTER=N&amp;MATCSET=N&amp;ACT0=&amp;IKT0=&amp;TRM0=&amp;ACT3=*&amp;IKT3=8183&amp;ACT=SRCHA&amp;IKT=1016&amp;SRT=YOP&amp;TRM=gti+digitalisierte+musikhandschriften*+and+gti+Schlo%C3%9Fkirchengemeinde+Schwerin+digital&amp;TRM3=</subfield>
         <subfield code="z">Digitalisierte Musikhandschriften (Auswahl)</subfield>
      </datafield>
      <datafield tag="856" ind1="1" ind2=" ">
         <subfield code="u">https://kxp.k10plus.de/DB=2.1/CMD?MATCFILTER=N&amp;MATCSET=N&amp;ACT0=&amp;IKT0=&amp;TRM0=&amp;ACT3=*&amp;IKT3=8183&amp;ACT=SRCHA&amp;IKT=1016&amp;SRT=YOP&amp;TRM=gti+digitalisierte+musikdrucke*+and+gti+Schlo%C3%9Fkirchengemeinde+Schwerin+digital&amp;TRM3=</subfield>
         <subfield code="z">Digitalisierte Musikdrucke (Auswahl)</subfield>
      </datafield>
   </record>