
   <record>
      <leader>00000nz  a2200000nc 4500</leader>
      <controlfield tag="001">institutions/30001296</controlfield>
      <controlfield tag="003">DE-633</controlfield>
      <controlfield tag="005">20250620052003.0</controlfield>
      <controlfield tag="008">161109||||z|||a|||||||||||||||||n||||||d</controlfield>
      <datafield tag="024" ind1="7" ind2=" ">
         <subfield code="a">23159032640701181305</subfield>
         <subfield code="2">VIAF</subfield>
      </datafield>
      <datafield tag="024" ind1="7" ind2=" ">
         <subfield code="a">D-THA</subfield>
         <subfield code="q">siglum</subfield>
         <subfield code="2">rism</subfield>
      </datafield>
      <datafield tag="034" ind1="1" ind2=" ">
         <subfield code="d">10.645438179180474</subfield>
         <subfield code="f">51.1108034858573</subfield>
      </datafield>
      <datafield tag="040" ind1=" " ind2=" ">
         <subfield code="a">DE-633</subfield>
         <subfield code="c">DE-633</subfield>
         <subfield code="e">rismg</subfield>
      </datafield>
      <datafield tag="043" ind1=" " ind2=" ">
         <subfield code="c">XA-DE</subfield>
      </datafield>
      <datafield tag="110" ind1="1" ind2=" ">
         <subfield code="a">Evangelische Kirchengemeinde Thamsbrück, Pfarrarchiv</subfield>
         <subfield code="c">Thamsbrück</subfield>
         <subfield code="g">D-THA</subfield>
      </datafield>
      <datafield tag="368" ind1=" " ind2=" ">
         <subfield code="a">Institution</subfield>
         <subfield code="a">Archive</subfield>
         <subfield code="a">Library</subfield>
      </datafield>
      <datafield tag="371" ind1=" " ind2=" ">
         <subfield code="a">c/o Pfarrbereich Bad Langensalza</subfield>
         <subfield code="a">Auf dem Berge 9</subfield>
         <subfield code="b">Bad Langensalza</subfield>
         <subfield code="c">Thüringen</subfield>
         <subfield code="d">Germany</subfield>
         <subfield code="e">99947</subfield>
         <subfield code="m">pfarramt.bad_langensalza@ekmd.de</subfield>
         <subfield code="u">https://www.ekmd.de/kirche/kirchenkreise/muehlhausen/bad-langensalza/</subfield>
         <subfield code="z">tel: +49 / (0)3603 / 846402</subfield>
      </datafield>
      <datafield tag="551" ind1="1" ind2=" ">
         <subfield code="a">Thamsbrück</subfield>
         <subfield code="0">places/3903161</subfield>
      </datafield>
   </record>