
   <record>
      <leader>00000nz  a2200000nc 4500</leader>
      <controlfield tag="001">institutions/51007915</controlfield>
      <controlfield tag="003">DE-633</controlfield>
      <controlfield tag="005">20250620052318.0</controlfield>
      <controlfield tag="008">240426||||z|||a|||||||||||||||||n||||||d</controlfield>
      <datafield tag="024" ind1="7" ind2=" ">
         <subfield code="a">D-VÖL</subfield>
         <subfield code="q">siglum</subfield>
         <subfield code="2">rism</subfield>
      </datafield>
      <datafield tag="034" ind1="1" ind2=" ">
         <subfield code="d">10.277469499219409</subfield>
         <subfield code="f">50.490516769121065</subfield>
      </datafield>
      <datafield tag="040" ind1=" " ind2=" ">
         <subfield code="a">DE-633</subfield>
         <subfield code="c">DE-633</subfield>
         <subfield code="e">rismg</subfield>
      </datafield>
      <datafield tag="043" ind1=" " ind2=" ">
         <subfield code="c">XA-DE</subfield>
      </datafield>
      <datafield tag="110" ind1="1" ind2=" ">
         <subfield code="a">Familienarchiv der Freiherrn von Stein in Völkershausen, Unterfranken</subfield>
         <subfield code="c">Völkershausen (Willmars)</subfield>
         <subfield code="g">D-VÖL</subfield>
      </datafield>
      <datafield tag="368" ind1=" " ind2=" ">
         <subfield code="a">Institution</subfield>
         <subfield code="a">Archive</subfield>
         <subfield code="a">Library</subfield>
      </datafield>
      <datafield tag="371" ind1=" " ind2=" ">
         <subfield code="a">Schloss Völkershausen</subfield>
         <subfield code="b">Willmars</subfield>
         <subfield code="e">97647</subfield>
         <subfield code="m">hdvonstein@t-online.de</subfield>
         <subfield code="z">tel: +49 / (0)9777 / 600</subfield>
         <subfield code="z">fax: +49 / (0)9777 / 1653</subfield>
      </datafield>
      <datafield tag="410" ind1=" " ind2=" ">
         <subfield code="a">Archiv Völkershausen, Freiherren von Stein zu Nord- und Ostheim</subfield>
      </datafield>
      <datafield tag="551" ind1="1" ind2=" ">
         <subfield code="a">Völkershausen (Willmars)</subfield>
         <subfield code="0">places/50020853</subfield>
      </datafield>
      <datafield tag="680" ind1="1" ind2=" ">
         <subfield code="a">Mit dem Teilnachlass des Wagnerianers Heinrich Freiherr von Stein zu Nord- und Ostheim (1857-1887).</subfield>
      </datafield>
      <datafield tag="856" ind1="1" ind2=" ">
         <subfield code="u">https://www.gda.bayern.de/service/archive-in-bayern/show/26286/</subfield>
         <subfield code="z">Eintrag auf der Webseite Archive in Bayern.</subfield>
      </datafield>
      <datafield tag="856" ind1="1" ind2=" ">
         <subfield code="u">https://www.bundesarchiv.de/nachlassdatenbank/</subfield>
         <subfield code="z">Eintrag in der Nachlassdatenbank des Bundesarchivs</subfield>
      </datafield>
   </record>