
   <record>
      <leader>00000nz  a2200000nc 4500</leader>
      <controlfield tag="001">institutions/30002951</controlfield>
      <controlfield tag="003">DE-633</controlfield>
      <controlfield tag="005">20250620052017.0</controlfield>
      <controlfield tag="008">161109||||z|||a|||||||||||||||||n||||||d</controlfield>
      <datafield tag="024" ind1="7" ind2=" ">
         <subfield code="a">D-WGU</subfield>
         <subfield code="q">siglum</subfield>
         <subfield code="2">rism</subfield>
      </datafield>
      <datafield tag="034" ind1="2" ind2=" ">
         <subfield code="d">13.582774</subfield>
         <subfield code="f">53.393703</subfield>
      </datafield>
      <datafield tag="040" ind1=" " ind2=" ">
         <subfield code="a">DE-633</subfield>
         <subfield code="c">DE-633</subfield>
         <subfield code="e">rismg</subfield>
      </datafield>
      <datafield tag="043" ind1=" " ind2=" ">
         <subfield code="c">XA-DE</subfield>
      </datafield>
      <datafield tag="110" ind1="2" ind2=" ">
         <subfield code="a">Pfarrsprengel Fürstenwerder, Evangelische Kirchengemeinde Weggun, Pfarrarchiv</subfield>
         <subfield code="c">Weggun (Nordwestuckermark)</subfield>
         <subfield code="g">D-WGU</subfield>
      </datafield>
      <datafield tag="368" ind1=" " ind2=" ">
         <subfield code="a">Library</subfield>
      </datafield>
      <datafield tag="368" ind1=" " ind2=" ">
         <subfield code="a">Institution</subfield>
      </datafield>
      <datafield tag="371" ind1=" " ind2=" ">
         <subfield code="a">Pfarrsprengel Fürstenwerder,,  Evangelische Kirchengemeinde Weggun,,  Pfarrarchiv, c/o Evangelisches Pfarramt Fürstenwerder, Ernst-Thälmann-Str. 37, 17291 Fürstenwerder (Nordwestuckermark), Germany</subfield>
         <subfield code="u">http://www.pfarrsprengel-fuerstenwerder.de/</subfield>
      </datafield>
      <datafield tag="551" ind1=" " ind2=" ">
         <subfield code="a">Weggun (Nordwestuckermark)</subfield>
         <subfield code="0">places/3903685</subfield>
      </datafield>
   </record>