
   <record>
      <leader>00000nz  a2200000nc 4500</leader>
      <controlfield tag="001">institutions/30001315</controlfield>
      <controlfield tag="003">DE-633</controlfield>
      <controlfield tag="005">20250620052003.0</controlfield>
      <controlfield tag="008">161109||||z|||a|||||||||||||||||n||||||d</controlfield>
      <datafield tag="024" ind1="7" ind2=" ">
         <subfield code="a">D-WGp</subfield>
         <subfield code="q">siglum</subfield>
         <subfield code="2">rism</subfield>
      </datafield>
      <datafield tag="040" ind1=" " ind2=" ">
         <subfield code="a">DE-633</subfield>
         <subfield code="c">DE-633</subfield>
         <subfield code="e">rismg</subfield>
      </datafield>
      <datafield tag="043" ind1=" " ind2=" ">
         <subfield code="c">XA-DE</subfield>
      </datafield>
      <datafield tag="110" ind1="1" ind2=" ">
         <subfield code="a">Evangelisches Predigerseminar, Bibliothek</subfield>
         <subfield code="c">Lutherstadt Wittenberg</subfield>
         <subfield code="g">D-WGp</subfield>
      </datafield>
      <datafield tag="368" ind1=" " ind2=" ">
         <subfield code="a">Institution</subfield>
         <subfield code="a">Library</subfield>
      </datafield>
      <datafield tag="410" ind1=" " ind2=" ">
         <subfield code="a">Kgl. Predigerseminar</subfield>
      </datafield>
      <datafield tag="551" ind1="1" ind2=" ">
         <subfield code="a">Lutherstadt Wittenberg</subfield>
         <subfield code="0">places/3900428</subfield>
      </datafield>
      <datafield tag="580" ind1="1" ind2=" ">
         <subfield code="x">D-WGrfb</subfield>
         <subfield code="0">institutions/51002644</subfield>
      </datafield>
      <datafield tag="667" ind1=" " ind2=" ">
         <subfield code="a">Published sources: 3</subfield>
      </datafield>
      <datafield tag="680" ind1="1" ind2=" ">
         <subfield code="a">Sigel ungültig. Bitte nicht mehr verwenden. Benutze D-WGrfb. Die Bibliothek des Evangelischen Predigerseminars Wittenberg wurde 2018 mit der Bibliothek des Lutherhauses der Stiftung Luthergedenkstätten in Sachsen-Anhalt zusammengeführt. Sie bilden die Reformationsgeschichtliche Forschungsbibliothek.</subfield>
      </datafield>
      <datafield tag="680" ind1="1" ind2=" ">
         <subfield code="a">Siglum invalid. Please do not use it any more. Use D-WGrfb. The library of the Protestant Seminary of Wittenberg was merged with the library of the Luther House of the Luther Memorials Foundation in Saxony-Anhalt in 2018. They form the Reformation History Research Library.</subfield>
      </datafield>
   </record>