
   <record>
      <leader>00000nz  a2200000nc 4500</leader>
      <controlfield tag="001">institutions/51002644</controlfield>
      <controlfield tag="003">DE-633</controlfield>
      <controlfield tag="005">20250620052246.0</controlfield>
      <controlfield tag="008">190128||||z|||a|||||||||||||||||n||||||d</controlfield>
      <datafield tag="024" ind1="7" ind2=" ">
         <subfield code="a">DE-Wb1</subfield>
         <subfield code="2">ISIL</subfield>
      </datafield>
      <datafield tag="024" ind1="7" ind2=" ">
         <subfield code="a">D-WGrfb</subfield>
         <subfield code="q">siglum</subfield>
         <subfield code="2">rism</subfield>
      </datafield>
      <datafield tag="034" ind1="1" ind2=" ">
         <subfield code="d">12.637925</subfield>
         <subfield code="f">51.865941</subfield>
      </datafield>
      <datafield tag="040" ind1=" " ind2=" ">
         <subfield code="a">DE-633</subfield>
         <subfield code="c">DE-633</subfield>
         <subfield code="e">rismg</subfield>
      </datafield>
      <datafield tag="043" ind1=" " ind2=" ">
         <subfield code="c">XA-DE</subfield>
      </datafield>
      <datafield tag="110" ind1="1" ind2=" ">
         <subfield code="a">Reformationsgeschichtliche Forschungsbibliothek</subfield>
         <subfield code="c">Lutherstadt Wittenberg</subfield>
         <subfield code="g">D-WGrfb</subfield>
      </datafield>
      <datafield tag="368" ind1=" " ind2=" ">
         <subfield code="a">Institution</subfield>
         <subfield code="a">Library</subfield>
      </datafield>
      <datafield tag="371" ind1=" " ind2=" ">
         <subfield code="a">Schloss Wittenberg</subfield>
         <subfield code="a">Schlossplatz 1</subfield>
         <subfield code="b">Lutherstadt Wittenberg</subfield>
         <subfield code="c">Sachen-Anhalt</subfield>
         <subfield code="d">Germany</subfield>
         <subfield code="e">06886</subfield>
         <subfield code="m">info@rfb-wittenberg.de</subfield>
         <subfield code="u">https://www.rfb-wittenberg.de/</subfield>
         <subfield code="z">tel: +49 / (0)3491 / 5069-200</subfield>
      </datafield>
      <datafield tag="551" ind1="1" ind2=" ">
         <subfield code="a">Lutherstadt Wittenberg</subfield>
         <subfield code="0">places/3900428</subfield>
      </datafield>
      <datafield tag="667" ind1=" " ind2=" ">
         <subfield code="a">Published sources: 42</subfield>
      </datafield>
      <datafield tag="680" ind1="1" ind2=" ">
         <subfield code="a">Die Reformationsgeschichtliche Forschungsbibliothek wurde im Frühjahr 2018 durch die Zusammenführung der Bibliotheken des Evangelischen Predigerseminars Wittenberg und des Lutherhauses der Stiftung Luthergedenkstätten in Sachsen-Anhalt gebildet.</subfield>
      </datafield>
      <datafield tag="680" ind1="1" ind2=" ">
         <subfield code="a">The Research Library on the History of the Reformation was formed in spring 2018 by merging the libraries of the Luther Seminary Wittenberg and the Luther House of the Luther Memorials Foundation in Saxony-Anhalt.</subfield>
      </datafield>
   </record>