
   <record>
      <leader>00000nz  a2200000nc 4500</leader>
      <controlfield tag="001">institutions/30000187</controlfield>
      <controlfield tag="003">DE-633</controlfield>
      <controlfield tag="005">20250620051953.0</controlfield>
      <controlfield tag="008">161109||||z|||a|||||||||||||||||n||||||d</controlfield>
      <datafield tag="024" ind1="7" ind2=" ">
         <subfield code="a">DE-32</subfield>
         <subfield code="2">ISIL</subfield>
      </datafield>
      <datafield tag="024" ind1="7" ind2=" ">
         <subfield code="a">159332499</subfield>
         <subfield code="2">VIAF</subfield>
      </datafield>
      <datafield tag="024" ind1="7" ind2=" ">
         <subfield code="a">Q50711</subfield>
         <subfield code="2">WKP</subfield>
      </datafield>
      <datafield tag="024" ind1="7" ind2=" ">
         <subfield code="a">D-WRz</subfield>
         <subfield code="q">siglum</subfield>
         <subfield code="z">D-WRtl</subfield>
         <subfield code="2">rism</subfield>
      </datafield>
      <datafield tag="034" ind1="1" ind2=" ">
         <subfield code="d">11.331382184168545</subfield>
         <subfield code="f">50.979376469805594</subfield>
      </datafield>
      <datafield tag="040" ind1=" " ind2=" ">
         <subfield code="a">DE-633</subfield>
         <subfield code="c">DE-633</subfield>
         <subfield code="e">rismg</subfield>
      </datafield>
      <datafield tag="043" ind1=" " ind2=" ">
         <subfield code="c">XA-DE</subfield>
      </datafield>
      <datafield tag="110" ind1="1" ind2=" ">
         <subfield code="a">Klassik Stiftung Weimar, Herzogin Anna Amalia Bibliothek</subfield>
         <subfield code="c">Weimar</subfield>
         <subfield code="g">D-WRz</subfield>
      </datafield>
      <datafield tag="368" ind1=" " ind2=" ">
         <subfield code="a">Institution</subfield>
         <subfield code="a">Library</subfield>
      </datafield>
      <datafield tag="371" ind1=" " ind2=" ">
         <subfield code="a">Studienzentrum</subfield>
         <subfield code="a">Platz der Demokratie 4</subfield>
         <subfield code="b">Weimar</subfield>
         <subfield code="c">Thüringen</subfield>
         <subfield code="d">Germany</subfield>
         <subfield code="e">99423</subfield>
         <subfield code="m">haab.info@klassik-stiftung.de</subfield>
         <subfield code="u">https://www.klassik-stiftung.de/herzogin-anna-amalia-bibliothek/</subfield>
         <subfield code="z">tel: +49 / (0)3643 / 545 205</subfield>
      </datafield>
      <datafield tag="410" ind1=" " ind2=" ">
         <subfield code="a">Herzogin-Anna-Amalia-Bibliothek</subfield>
      </datafield>
      <datafield tag="410" ind1=" " ind2=" ">
         <subfield code="a">Zentralbibliothek im Schloss</subfield>
      </datafield>
      <datafield tag="410" ind1=" " ind2=" ">
         <subfield code="a">Nationale Forschungs- und Gedenkstätten der Klassischen deutschen Literatur, Zentralbibliothek</subfield>
      </datafield>
      <datafield tag="410" ind1=" " ind2=" ">
         <subfield code="a">Zentralbibliothek der Deutschen Klassik</subfield>
      </datafield>
      <datafield tag="410" ind1=" " ind2=" ">
         <subfield code="a">Thüringische Landesbibliothek Weimar</subfield>
      </datafield>
      <datafield tag="410" ind1=" " ind2=" ">
         <subfield code="a">Thüringische Landesbibliothek, Musiksammlung</subfield>
      </datafield>
      <datafield tag="410" ind1=" " ind2=" ">
         <subfield code="a">Großherzogliche Bibliothek</subfield>
      </datafield>
      <datafield tag="410" ind1=" " ind2=" ">
         <subfield code="a">Herzogliche Bibliothek</subfield>
      </datafield>
      <datafield tag="510" ind1="2" ind2=" ">
         <subfield code="a">HAAB</subfield>
      </datafield>
      <datafield tag="551" ind1="1" ind2=" ">
         <subfield code="a">Weimar</subfield>
         <subfield code="0">places/3900069</subfield>
      </datafield>
      <datafield tag="667" ind1=" " ind2=" ">
         <subfield code="a">Published sources: 1414</subfield>
      </datafield>
      <datafield tag="678" ind1="1" ind2=" ">
         <subfield code="a">1969 wurde die Thüringische Landesbibliothek (D-WRtl) in die Nationalen Forschungs- und Gedenkstätten integriert und mit der kleineren Institutsbibliothek vereinigt. Sie übernahm deren Namen: Zentralbibliothek der deutschen Klassik (D-WRz).</subfield>
      </datafield>
      <datafield tag="678" ind1="1" ind2=" ">
         <subfield code="a">1991 Neubenennung in Herzogin Anna Amalia Bibliothek.</subfield>
      </datafield>
      <datafield tag="700" ind1="1" ind2=" ">
         <subfield code="a">Anna Amalia, Herzogin von Sachsen-Weimar-Eisenach</subfield>
         <subfield code="d">1739-1807</subfield>
         <subfield code="0">people/176171</subfield>
         <subfield code="4">asn</subfield>
      </datafield>
      <datafield tag="856" ind1="1" ind2=" ">
         <subfield code="u">https://www.klassik-stiftung.de/herzogin-anna-amalia-bibliothek/die-bibliothek/geschichte/</subfield>
         <subfield code="z">Geschichte der Herzogin Anna Amalia Bibliothek</subfield>
      </datafield>
   </record>