
   <record>
      <leader>00000nz  a2200000nc 4500</leader>
      <controlfield tag="001">institutions/30003821</controlfield>
      <controlfield tag="003">DE-633</controlfield>
      <controlfield tag="005">20250620052024.0</controlfield>
      <controlfield tag="008">161109||||z|||a|||||||||||||||||n||||||d</controlfield>
      <datafield tag="024" ind1="7" ind2=" ">
         <subfield code="a">D-WSSp</subfield>
         <subfield code="q">siglum</subfield>
         <subfield code="2">rism</subfield>
      </datafield>
      <datafield tag="034" ind1="1" ind2=" ">
         <subfield code="d">11.065489706469481</subfield>
         <subfield code="f">51.200959499936964</subfield>
      </datafield>
      <datafield tag="040" ind1=" " ind2=" ">
         <subfield code="a">DE-633</subfield>
         <subfield code="c">DE-633</subfield>
         <subfield code="e">rismg</subfield>
      </datafield>
      <datafield tag="043" ind1=" " ind2=" ">
         <subfield code="c">XA-DE</subfield>
      </datafield>
      <datafield tag="110" ind1="1" ind2=" ">
         <subfield code="a">Regionalgemeinde Kindelbrück-Weißensee, Pfarrarchiv</subfield>
         <subfield code="b"/>
         <subfield code="c">Weißensee (Thüringen)</subfield>
         <subfield code="g">D-WSSp</subfield>
      </datafield>
      <datafield tag="368" ind1=" " ind2=" ">
         <subfield code="a">Institution</subfield>
         <subfield code="a">Archive</subfield>
         <subfield code="a">Library</subfield>
      </datafield>
      <datafield tag="371" ind1=" " ind2=" ">
         <subfield code="a">Marktplatz 11</subfield>
         <subfield code="b">Weißensee</subfield>
         <subfield code="c">Thüringen</subfield>
         <subfield code="d">Germany</subfield>
         <subfield code="e">99631</subfield>
         <subfield code="m">ev-kgv-kindelbrueck-weissensee@kk-e-s.de</subfield>
         <subfield code="u">https://www.kirchenkreis-eisleben-soemmerda.de/kirchenkreis/pfarrbereich-kindelbrueck-weissensee/</subfield>
         <subfield code="z">tel: +49 / (0)36374 / 36160</subfield>
      </datafield>
      <datafield tag="410" ind1=" " ind2=" ">
         <subfield code="a">Evangelische Regionalgemeinde Weißensee, Pfarrarchiv</subfield>
      </datafield>
      <datafield tag="551" ind1="1" ind2=" ">
         <subfield code="a">Weißensee (Thüringen)</subfield>
         <subfield code="0">places/3903989</subfield>
      </datafield>
   </record>