
   <record>
      <leader>00000nz  a2200000nc 4500</leader>
      <controlfield tag="001">institutions/30001059</controlfield>
      <controlfield tag="003">DE-633</controlfield>
      <controlfield tag="005">20250620052001.0</controlfield>
      <controlfield tag="008">161109||||z|||a|||||||||||||||||n||||||d</controlfield>
      <datafield tag="024" ind1=" " ind2=" ">
         <subfield code="a">1704113-2</subfield>
         <subfield code="2">DNB</subfield>
      </datafield>
      <datafield tag="024" ind1="7" ind2=" ">
         <subfield code="a">D-WÜp</subfield>
         <subfield code="q">siglum</subfield>
         <subfield code="2">rism</subfield>
      </datafield>
      <datafield tag="034" ind1="2" ind2=" ">
         <subfield code="d">9.933419</subfield>
         <subfield code="f">49.790964</subfield>
      </datafield>
      <datafield tag="040" ind1=" " ind2=" ">
         <subfield code="a">DE-633</subfield>
         <subfield code="c">DE-633</subfield>
         <subfield code="e">rismg</subfield>
      </datafield>
      <datafield tag="043" ind1=" " ind2=" ">
         <subfield code="c">XA-DE</subfield>
      </datafield>
      <datafield tag="110" ind1="2" ind2=" ">
         <subfield code="a">Priesterseminar, Bibliothek</subfield>
         <subfield code="c">Würzburg</subfield>
         <subfield code="g">D-WÜp</subfield>
      </datafield>
      <datafield tag="368" ind1=" " ind2=" ">
         <subfield code="a">Library</subfield>
      </datafield>
      <datafield tag="368" ind1=" " ind2=" ">
         <subfield code="a">Institution</subfield>
      </datafield>
      <datafield tag="371" ind1=" " ind2=" ">
         <subfield code="a">Priesterseminar, Bibliothek, Domerschulstraße 18, 97070 Würzburg, Germany</subfield>
         <subfield code="u">http://www.priesterseminar-wuerzburg.de/</subfield>
      </datafield>
      <datafield tag="551" ind1=" " ind2=" ">
         <subfield code="a">Würzburg</subfield>
         <subfield code="0">places/3900128</subfield>
      </datafield>
      <datafield tag="667" ind1=" " ind2=" ">
         <subfield code="a">Published sources: 5</subfield>
      </datafield>
   </record>