
   <record>
      <leader>00000nz  a2200000nc 4500</leader>
      <controlfield tag="001">institutions/30005629</controlfield>
      <controlfield tag="003">DE-633</controlfield>
      <controlfield tag="005">20250620052040.0</controlfield>
      <controlfield tag="008">161109||||z|||a|||||||||||||||||n||||||d</controlfield>
      <datafield tag="024" ind1=" " ind2=" ">
         <subfield code="a">2005359-9</subfield>
         <subfield code="2">DNB</subfield>
      </datafield>
      <datafield tag="024" ind1=" " ind2=" ">
         <subfield code="a">DE-2049</subfield>
         <subfield code="2">ISIL</subfield>
      </datafield>
      <datafield tag="024" ind1="7" ind2=" ">
         <subfield code="a">D-WÜst</subfield>
         <subfield code="q">siglum</subfield>
         <subfield code="2">rism</subfield>
      </datafield>
      <datafield tag="034" ind1="2" ind2=" ">
         <subfield code="d">9.93844</subfield>
         <subfield code="f">49.79331</subfield>
      </datafield>
      <datafield tag="040" ind1=" " ind2=" ">
         <subfield code="a">DE-633</subfield>
         <subfield code="c">DE-633</subfield>
         <subfield code="e">rismg</subfield>
      </datafield>
      <datafield tag="043" ind1=" " ind2=" ">
         <subfield code="c">XA-DE</subfield>
      </datafield>
      <datafield tag="110" ind1="2" ind2=" ">
         <subfield code="a">Staatsarchiv</subfield>
         <subfield code="c">Würzburg</subfield>
         <subfield code="g">D-WÜst</subfield>
      </datafield>
      <datafield tag="368" ind1=" " ind2=" ">
         <subfield code="a">Institution</subfield>
      </datafield>
      <datafield tag="368" ind1=" " ind2=" ">
         <subfield code="a">Library</subfield>
      </datafield>
      <datafield tag="371" ind1=" " ind2=" ">
         <subfield code="a">Staatsarchiv, Residenz-Nordflügel, 97070 Würzburg, Germany</subfield>
         <subfield code="u">http://www.gda.bayern.de/archive/wuerzburg/</subfield>
      </datafield>
      <datafield tag="551" ind1=" " ind2=" ">
         <subfield code="a">Würzburg</subfield>
         <subfield code="0">places/3900128</subfield>
      </datafield>
   </record>