
   <record>
      <leader>00000nz  a2200000nc 4500</leader>
      <controlfield tag="001">institutions/30001326</controlfield>
      <controlfield tag="003">DE-633</controlfield>
      <controlfield tag="005">20250620052003.0</controlfield>
      <controlfield tag="008">161109||||z|||a|||||||||||||||||n||||||d</controlfield>
      <datafield tag="024" ind1="7" ind2=" ">
         <subfield code="a">D-ZEU</subfield>
         <subfield code="q">siglum</subfield>
         <subfield code="2">rism</subfield>
      </datafield>
      <datafield tag="040" ind1=" " ind2=" ">
         <subfield code="a">DE-633</subfield>
         <subfield code="c">DE-633</subfield>
         <subfield code="e">rismg</subfield>
      </datafield>
      <datafield tag="043" ind1=" " ind2=" ">
         <subfield code="c">XA-DE</subfield>
      </datafield>
      <datafield tag="110" ind1="1" ind2=" ">
         <subfield code="a">Pfarrarchiv</subfield>
         <subfield code="c">Zeutsch (Uhlstädt-Kirchhasel)</subfield>
         <subfield code="g">D-ZEU</subfield>
      </datafield>
      <datafield tag="368" ind1=" " ind2=" ">
         <subfield code="a">Institution</subfield>
         <subfield code="a">Library</subfield>
      </datafield>
      <datafield tag="371" ind1=" " ind2=" ">
         <subfield code="a">c/o Ev.-luth. Pfarramt Heilingen</subfield>
         <subfield code="a">Heilingen 42</subfield>
         <subfield code="b">Uhlstädt-Kirchhasel</subfield>
         <subfield code="c">Thüringen</subfield>
         <subfield code="d">Germany</subfield>
         <subfield code="e">07407</subfield>
         <subfield code="m">michael.thiel@ekmd.de</subfield>
         <subfield code="u">https://www.kirchenkreis-rudolstadt-saalfeld.de/kontakt/einrichtungen-gemeinden/pfarrbereich-heilingen/</subfield>
         <subfield code="z">tel: +49 / (0)36742 / 62414</subfield>
      </datafield>
      <datafield tag="551" ind1="1" ind2=" ">
         <subfield code="a">Zeutsch (Uhlstädt-Kirchhasel)</subfield>
         <subfield code="0">places/3903170</subfield>
      </datafield>
      <datafield tag="667" ind1=" " ind2=" ">
         <subfield code="a">Published sources: 2</subfield>
      </datafield>
   </record>