
   <record>
      <leader>00000nz  a2200000nc 4500</leader>
      <controlfield tag="001">institutions/51008601</controlfield>
      <controlfield tag="003">DE-633</controlfield>
      <controlfield tag="005">20250620052323.0</controlfield>
      <controlfield tag="008">250312||||z|||a|||||||||||||||||n||||||d</controlfield>
      <datafield tag="024" ind1="7" ind2=" ">
         <subfield code="a">D-ZEpfb</subfield>
         <subfield code="q">siglum</subfield>
         <subfield code="2">rism</subfield>
      </datafield>
      <datafield tag="034" ind1="1" ind2=" ">
         <subfield code="d">12.085043910661371</subfield>
         <subfield code="f">51.963516400640415</subfield>
      </datafield>
      <datafield tag="040" ind1=" " ind2=" ">
         <subfield code="a">DE-633</subfield>
         <subfield code="b">ger</subfield>
         <subfield code="c">DE-633</subfield>
         <subfield code="e">rismg</subfield>
      </datafield>
      <datafield tag="043" ind1=" " ind2=" ">
         <subfield code="c">XA-DE</subfield>
      </datafield>
      <datafield tag="110" ind1="1" ind2=" ">
         <subfield code="a">Pfarramt St. Bartholomäi</subfield>
         <subfield code="c">Zerbst/Anhalt</subfield>
         <subfield code="g">D-ZEpfb</subfield>
      </datafield>
      <datafield tag="368" ind1=" " ind2=" ">
         <subfield code="a">Institution</subfield>
         <subfield code="a">Library</subfield>
      </datafield>
      <datafield tag="371" ind1=" " ind2=" ">
         <subfield code="a">c/o Ev. Regionalpfarramt Zerbst-Lindau</subfield>
         <subfield code="a">Schloßfreiheit 3</subfield>
         <subfield code="b">Zerbst/Anhalt</subfield>
         <subfield code="c">Sachsen-Anhalt</subfield>
         <subfield code="d">Germany</subfield>
         <subfield code="e">39261</subfield>
         <subfield code="m">regionalpfarramt-zerbst@kircheanhalt.de</subfield>
         <subfield code="u">https://www.zerbst-evangelisch.de/</subfield>
         <subfield code="z">tel: +49 / (0)3923 / 785966</subfield>
      </datafield>
      <datafield tag="551" ind1="1" ind2=" ">
         <subfield code="a">Zerbst/Anhalt</subfield>
         <subfield code="0">places/3902797</subfield>
      </datafield>
   </record>