
   <record>
      <leader>00000nz  a2200000nc 4500</leader>
      <controlfield tag="001">institutions/30001333</controlfield>
      <controlfield tag="003">DE-633</controlfield>
      <controlfield tag="005">20250620052003.0</controlfield>
      <controlfield tag="008">161109||||z|||a|||||||||||||||||n||||||d</controlfield>
      <datafield tag="024" ind1=" " ind2=" ">
         <subfield code="a">7535168-7</subfield>
         <subfield code="2">DNB</subfield>
      </datafield>
      <datafield tag="024" ind1=" " ind2=" ">
         <subfield code="a">DE-Z2</subfield>
         <subfield code="2">ISIL</subfield>
      </datafield>
      <datafield tag="024" ind1="7" ind2=" ">
         <subfield code="a">D-ZZs</subfield>
         <subfield code="q">siglum</subfield>
         <subfield code="2">rism</subfield>
      </datafield>
      <datafield tag="034" ind1="2" ind2=" ">
         <subfield code="d">12.126909</subfield>
         <subfield code="f">51.050757</subfield>
      </datafield>
      <datafield tag="040" ind1=" " ind2=" ">
         <subfield code="a">DE-633</subfield>
         <subfield code="c">DE-633</subfield>
         <subfield code="e">rismg</subfield>
      </datafield>
      <datafield tag="043" ind1=" " ind2=" ">
         <subfield code="c">XA-DE</subfield>
      </datafield>
      <datafield tag="110" ind1="2" ind2=" ">
         <subfield code="a">Stiftsbibliothek und Stiftsarchiv</subfield>
         <subfield code="c">Zeitz</subfield>
         <subfield code="g">D-ZZs</subfield>
      </datafield>
      <datafield tag="368" ind1=" " ind2=" ">
         <subfield code="a">Library</subfield>
      </datafield>
      <datafield tag="368" ind1=" " ind2=" ">
         <subfield code="a">Institution</subfield>
      </datafield>
      <datafield tag="371" ind1=" " ind2=" ">
         <subfield code="a">Stiftsbibliothek und Stiftsarchiv, Torhaus Schloss Moritzburg, Schlossstraße 6, 06712 Zeitz, Germany</subfield>
         <subfield code="u">http://www.stiftsbibliothek-zeitz.de/</subfield>
      </datafield>
      <datafield tag="410" ind1="2" ind2=" ">
         <subfield code="a">Vereinigte Domstifter zu Merseburg und Naumburg und des Kollegiatstifts Zeitz</subfield>
      </datafield>
      <datafield tag="551" ind1=" " ind2=" ">
         <subfield code="a">Zeitz</subfield>
         <subfield code="0">places/3900701</subfield>
      </datafield>
      <datafield tag="667" ind1=" " ind2=" ">
         <subfield code="a">Published sources: 3</subfield>
      </datafield>
   </record>